<?xml version="1.0" encoding="UTF-8"?>
<!DOCTYPE html PUBLIC "-//W3C//DTD XHTML 1.0 Transitional//EN"
    "http://www.w3.org/TR/xhtml1/DTD/xhtml1-transitional.dtd">
<html xmlns="http://www.w3.org/1999/xhtml" xml:lang="en" lang="en">
 <head>
  <title>
</title>
<meta http-equiv="Content-Type" content="text/html;charset=utf-8" />
  <meta name='ocr-system' content='tesseract 3.04.00' />
  <meta name='ocr-capabilities' content='ocr_page ocr_carea ocr_par ocr_line ocrx_word'/>
</head>
<body>
  <div class='ocr_page' id='page_1' title='image "bibliothecaclas17lemagoog_0051.png"; bbox 0 0 2654 4778; ppageno 0'>
   <div class='ocr_carea' id='block_1_1' title="bbox 123 328 803 417">
    <p class='ocr_par' dir='ltr' id='par_1_1' title="bbox 123 328 803 417">
     <span class='ocr_line' id='line_1_1' title="bbox 123 328 803 417; baseline -0.001 -16"><span class='ocrx_word' id='word_1_1' title='bbox 123 328 169 401; x_wconf 78' lang='lat'><strong>38</strong></span> <span class='ocrx_word' id='word_1_2' title='bbox 513 331 803 417; x_wconf 65' lang='lat' dir='ltr'><strong>cornutus</strong></span> 
     </span>
    </p>
   </div>
   <div class='ocr_carea' id='block_1_2' title="bbox 110 452 1235 2417">
    <p class='ocr_par' dir='ltr' id='par_1_2' title="bbox 123 452 1071 547">
     <span class='ocr_line' id='line_1_2' title="bbox 123 452 1071 547; baseline 0 -25"><span class='ocrx_word' id='word_1_3' title='bbox 123 475 199 523; x_wconf 75' lang='lat' dir='ltr'><strong>uro.</strong></span> <span class='ocrx_word' id='word_1_4' title='bbox 222 458 294 541; x_wconf 84' lang='lat' dir='ltr'><strong>An,</strong></span> <span class='ocrx_word' id='word_1_5' title='bbox 314 452 470 537; x_wconf 88' lang='lat' dir='ltr'><strong>obsecro,</strong></span> <span class='ocrx_word' id='word_1_6' title='bbox 485 475 628 547; x_wconf 84' lang='lat' dir='ltr'>usquam</span> <span class='ocrx_word' id='word_1_7' title='bbox 643 466 723 521; x_wconf 89' lang='lat' dir='ltr'><strong>sunt</strong></span> <span class='ocrx_word' id='word_1_8' title='bbox 737 453 891 522; x_wconf 86' lang='lat' dir='ltr'><strong>homines</strong></span> <span class='ocrx_word' id='word_1_9' title='bbox 909 452 1071 522; x_wconf 77' lang='lat' dir='ltr'><strong>volatici?</strong></span> 
     </span>
    </p>

    <p class='ocr_par' dir='ltr' id='par_1_3' title="bbox 121 563 1187 877">
     <span class='ocr_line' id='line_1_3' title="bbox 123 563 1187 657; baseline -0.001 -25"><span class='ocrx_word' id='word_1_10' title='bbox 123 588 205 634; x_wconf 73' lang='lat' dir='ltr'><strong>arr.</strong></span> <span class='ocrx_word' id='word_1_11' title='bbox 222 568 343 650; x_wconf 79' lang='lat' dir='ltr'><strong>Fuere3</strong></span> <span class='ocrx_word' id='word_1_12' title='bbox 365 587 483 631; x_wconf 88' lang='lat' dir='ltr'><strong>verum</strong></span> <span class='ocrx_word' id='word_1_13' title='bbox 502 587 565 657; x_wconf 86' lang='lat' dir='ltr'><strong>ego</strong></span> <span class='ocrx_word' id='word_1_14' title='bbox 588 563 750 633; x_wconf 90' lang='lat' dir='ltr'><strong>interfeci.</strong></span> <span class='ocrx_word' id='word_1_15' title='bbox 768 587 849 634; x_wconf 81' lang='lat' dir='ltr'><strong>nro.</strong></span> <span class='ocrx_word' id='word_1_16' title='bbox 872 563 1056 651; x_wconf 88' lang='lat' dir='ltr'><strong>Quomodo</strong></span> <span class='ocrx_word' id='word_1_17' title='bbox 1163 585 1187 623; x_wconf 76' lang='lat'><strong>⁵·</strong></span> 
     </span>
     <span class='ocr_line' id='line_1_4' title="bbox 121 671 963 767; baseline -0.006 -22"><span class='ocrx_word' id='word_1_18' title='bbox 121 674 289 745; x_wconf 83' lang='lat' dir='ltr'><strong>Potuisti?</strong></span> <span class='ocrx_word' id='word_1_19' title='bbox 307 697 388 744; x_wconf 71' lang='grc' dir='ltr'><strong>ΑΜ.</strong></span> <span class='ocrx_word' id='word_1_20' title='bbox 409 673 554 742; x_wconf 86' lang='lat' dir='ltr'><strong>Dicam:</strong></span> <span class='ocrx_word' id='word_1_21' title='bbox 575 674 703 742; x_wconf 88' lang='lat' dir='ltr'><strong>viscum</strong></span> <span class='ocrx_word' id='word_1_22' title='bbox 722 671 847 767; x_wconf 84' lang='lat' dir='ltr'><strong>legioni</strong></span> <span class='ocrx_word' id='word_1_23' title='bbox 869 671 963 760; x_wconf 88' lang='lat' dir='ltr'><strong>dedi,</strong></span> 
     </span>
     <span class='ocr_line' id='line_1_5' title="bbox 122 781 922 877; baseline -0.001 -24"><span class='ocrx_word' id='word_1_24' title='bbox 122 783 339 876; x_wconf 86' lang='lat' dir='ltr'><strong>Fundasque;</strong></span> <span class='ocrx_word' id='word_1_25' title='bbox 355 807 396 851; x_wconf 88' lang='lat' dir='ltr'><strong>eo</strong></span> <span class='ocrx_word' id='word_1_26' title='bbox 413 783 677 877; x_wconf 75' lang='lat' dir='ltr'><strong>prasternebant</strong></span> <span class='ocrx_word' id='word_1_27' title='bbox 697 781 775 851; x_wconf 88' lang='lat' dir='ltr'><strong>folia</strong></span> <span class='ocrx_word' id='word_1_28' title='bbox 797 782 922 852; x_wconf 84' lang='lat' dir='ltr'><strong>farferi.</strong></span> 
     </span>
    </p>

    <p class='ocr_par' dir='ltr' id='par_1_4' title="bbox 123 891 1194 1316">
     <span class='ocr_line' id='line_1_6' title="bbox 124 891 1154 981; baseline -0.001 -20"><span class='ocrx_word' id='word_1_29' title='bbox 124 916 202 962; x_wconf 74' lang='lat' dir='ltr'><strong>Luc.</strong></span> <span class='ocrx_word' id='word_1_30' title='bbox 226 893 324 981; x_wconf 87' lang='lat' dir='ltr'><strong>Quoi·</strong></span> <span class='ocrx_word' id='word_1_31' title='bbox 336 893 403 962; x_wconf 78' lang='lat' dir='ltr'><strong>rei?</strong></span> <span class='ocrx_word' id='word_1_32' title='bbox 416 916 497 962; x_wconf 73' lang='lat' dir='ltr'><strong>arr.</strong></span> <span class='ocrx_word' id='word_1_33' title='bbox 514 894 567 964; x_wconf 88' lang='lat' dir='ltr'><strong>Ne</strong></span> <span class='ocrx_word' id='word_1_34' title='bbox 582 893 625 961; x_wconf 89' lang='lat' dir='ltr'><strong>ad</strong></span> <span class='ocrx_word' id='word_1_35' title='bbox 642 891 763 961; x_wconf 88' lang='lat' dir='ltr'><strong>fundas</strong></span> <span class='ocrx_word' id='word_1_36' title='bbox 778 894 886 961; x_wconf 86' lang='lat' dir='ltr'><strong>viscus</strong></span> <span class='ocrx_word' id='word_1_37' title='bbox 903 892 1154 962; x_wconf 81' lang='lat' dir='ltr'><strong>adhaeresceret.</strong></span> 
     </span>
     <span class='ocr_line' id='line_1_7' title="bbox 123 1001 1126 1096; baseline 0.001 -26"><span class='ocrx_word' id='word_1_38' title='bbox 123 1026 201 1072; x_wconf 78' lang='lat' dir='ltr'><strong>nro.</strong></span> <span class='ocrx_word' id='word_1_39' title='bbox 224 1003 329 1096; x_wconf 83' lang='lat' dir='ltr'><strong>Perge</strong></span> <span class='ocrx_word' id='word_1_40' title='bbox 347 1028 355 1070; x_wconf 93' lang='lat'><strong>:</strong></span> <span class='ocrx_word' id='word_1_41' title='bbox 374 1017 533 1095; x_wconf 83' lang='lat' dir='ltr'><strong>optume,</strong></span> <span class='ocrx_word' id='word_1_42' title='bbox 545 1001 674 1090; x_wconf 88' lang='lat' dir='ltr'><strong>hercle,</strong></span> <span class='ocrx_word' id='word_1_43' title='bbox 693 1003 868 1096; x_wconf 85' lang='lat' dir='ltr'><strong>perjuras:</strong></span> <span class='ocrx_word' id='word_1_44' title='bbox 886 1002 969 1096; x_wconf 92' lang='lat' dir='ltr'><strong>quid</strong></span> <span class='ocrx_word' id='word_1_45' title='bbox 985 1002 1126 1096; x_wconf 80' lang='lat' dir='ltr'><strong>postea?</strong></span> 
     </span>
     <span class='ocr_line' id='line_1_8' title="bbox 124 1111 1194 1207; baseline -0.004 -24"><span class='ocrx_word' id='word_1_46' title='bbox 124 1122 207 1183; x_wconf 70' lang='lat' dir='ltr'><strong>litu.</strong></span> <span class='ocrx_word' id='word_1_47' title='bbox 233 1117 274 1181; x_wconf 93' lang='lat' dir='ltr'><strong>In</strong></span> <span class='ocrx_word' id='word_1_48' title='bbox 293 1112 412 1182; x_wconf 87' lang='lat' dir='ltr'><strong>fundas</strong></span> <span class='ocrx_word' id='word_1_49' title='bbox 431 1113 511 1182; x_wconf 91' lang='lat' dir='ltr'><strong>visci</strong></span> <span class='ocrx_word' id='word_1_50' title='bbox 535 1112 696 1181; x_wconf 83' lang='lat' dir='ltr'><strong>indebant</strong></span> <span class='ocrx_word' id='word_1_51' title='bbox 717 1111 930 1207; x_wconf 82' lang='lat' dir='ltr'><strong>grandiculos</strong></span> <span class='ocrx_word' id='word_1_52' title='bbox 948 1111 1085 1205; x_wconf 82' lang='lat' dir='ltr'><strong>globos,</strong></span> <span class='ocrx_word' id='word_1_53' title='bbox 1158 1130 1194 1170; x_wconf 24' lang='lat'><strong>&#39;³⁵</strong></span> 
     </span>
     <span class='ocr_line' id='line_1_9' title="bbox 125 1219 759 1316; baseline -0.003 -24"><span class='ocrx_word' id='word_1_54' title='bbox 125 1226 175 1292; x_wconf 91' lang='lat' dir='ltr'><strong>Eo</strong></span> <span class='ocrx_word' id='word_1_55' title='bbox 193 1219 267 1299; x_wconf 89' lang='lat' dir='ltr'><strong>illos</strong></span> <span class='ocrx_word' id='word_1_56' title='bbox 282 1222 433 1292; x_wconf 86' lang='lat' dir='ltr'><strong>volantes</strong></span> <span class='ocrx_word' id='word_1_57' title='bbox 447 1222 531 1316; x_wconf 88' lang='lat' dir='ltr'><strong>jussi</strong></span> <span class='ocrx_word' id='word_1_58' title='bbox 552 1221 759 1292; x_wconf 83' lang='lat' dir='ltr'><strong>funditarier.</strong></span> 
     </span>
    </p>

    <p class='ocr_par' dir='ltr' id='par_1_5' title="bbox 125 1317 1082 1427">
     <span class='ocr_line' id='line_1_10' title="bbox 125 1317 1082 1427; baseline -0.001 -26"><span class='ocrx_word' id='word_1_59' title='bbox 125 1332 219 1421; x_wconf 90' lang='lat' dir='ltr'><strong>Quid</strong></span> <span class='ocrx_word' id='word_1_60' title='bbox 239 1332 345 1402; x_wconf 84' lang='lat' dir='ltr'><strong>multa</strong></span> <span class='ocrx_word' id='word_1_61' title='bbox 364 1333 491 1402; x_wconf 76' lang='lat' dir='ltr'><strong>verba?</strong></span> <span class='ocrx_word' id='word_1_62' title='bbox 510 1357 715 1427; x_wconf 89' lang='lat' dir='ltr'><strong>quemquem</strong></span> <span class='ocrx_word' id='word_1_63' title='bbox 733 1317 824 1401; x_wconf 89' lang='lat' dir='ltr'><strong>visco</strong></span> <span class='ocrx_word' id='word_1_64' title='bbox 846 1330 1082 1416; x_wconf 86' lang='lat' dir='ltr'><strong>obfenderant,</strong></span> 
     </span>
    </p>

    <p class='ocr_par' dir='ltr' id='par_1_6' title="bbox 126 1441 983 1536">
     <span class='ocr_line' id='line_1_11' title="bbox 126 1441 983 1536; baseline -0.004 -25"><span class='ocrx_word' id='word_1_65' title='bbox 126 1446 210 1512; x_wconf 91' lang='lat' dir='ltr'><strong>Tam</strong></span> <span class='ocrx_word' id='word_1_66' title='bbox 229 1443 337 1512; x_wconf 83' lang='lat' dir='ltr'><strong>crebri</strong></span> <span class='ocrx_word' id='word_1_67' title='bbox 359 1443 403 1511; x_wconf 91' lang='lat' dir='ltr'><strong>ad</strong></span> <span class='ocrx_word' id='word_1_68' title='bbox 421 1458 544 1511; x_wconf 89' lang='lat' dir='ltr'><strong>terram</strong></span> <span class='ocrx_word' id='word_1_69' title='bbox 561 1442 762 1511; x_wconf 89' lang='lat' dir='ltr'><strong>adcidebant</strong></span> <span class='ocrx_word' id='word_1_70' title='bbox 778 1466 878 1536; x_wconf 93' lang='lat' dir='ltr'><strong>quam</strong></span> <span class='ocrx_word' id='word_1_71' title='bbox 898 1441 983 1536; x_wconf 87' lang='lat' dir='ltr'><strong>pira.</strong></span> 
     </span>
    </p>

    <p class='ocr_par' dir='ltr' id='par_1_7' title="bbox 126 1540 930 1648">
     <span class='ocr_line' id='line_1_12' title="bbox 126 1540 930 1648; baseline -0.005 -24"><span class='ocrx_word' id='word_1_72' title='bbox 126 1557 176 1624; x_wconf 91' lang='lat' dir='ltr'><strong>Ut</strong></span> <span class='ocrx_word' id='word_1_73' title='bbox 197 1555 336 1648; x_wconf 88' lang='lat' dir='ltr'><strong>quisque</strong></span> <span class='ocrx_word' id='word_1_74' title='bbox 353 1552 539 1639; x_wconf 85' lang='lat' dir='ltr'><strong>adciderat,</strong></span> <span class='ocrx_word' id='word_1_75' title='bbox 559 1578 635 1622; x_wconf 86' lang='lat' dir='ltr'><strong>eum</strong></span> <span class='ocrx_word' id='word_1_76' title='bbox 651 1540 811 1623; x_wconf 82' lang='lat' dir='ltr'><strong>necabam</strong></span> <span class='ocrx_word' id='word_1_77' title='bbox 828 1550 930 1620; x_wconf 92' lang='lat' dir='ltr'><strong>inlioo</strong></span> 
     </span>
    </p>

    <p class='ocr_par' dir='ltr' id='par_1_8' title="bbox 110 1662 1235 2079">
     <span class='ocr_line' id='line_1_13' title="bbox 129 1662 1197 1758; baseline -0.005 -25"><span class='ocrx_word' id='word_1_78' title='bbox 129 1667 194 1734; x_wconf 87' lang='lat' dir='ltr'><strong>Per</strong></span> <span class='ocrx_word' id='word_1_79' title='bbox 211 1664 386 1732; x_wconf 88' lang='lat' dir='ltr'><strong>cerebrum</strong></span> <span class='ocrx_word' id='word_1_80' title='bbox 406 1662 510 1758; x_wconf 88' lang='lat' dir='ltr'><strong>pinna</strong></span> <span class='ocrx_word' id='word_1_81' title='bbox 532 1688 590 1733; x_wconf 91' lang='lat' dir='ltr'><strong>sua</strong></span> <span class='ocrx_word' id='word_1_82' title='bbox 614 1663 695 1747; x_wconf 89' lang='lat' dir='ltr'><strong>sibi,</strong></span> <span class='ocrx_word' id='word_1_83' title='bbox 711 1663 807 1758; x_wconf 88' lang='lat' dir='ltr'><strong>quasi</strong></span> <span class='ocrx_word' id='word_1_84' title='bbox 832 1676 1008 1731; x_wconf 90' lang='lat' dir='ltr'><strong>turturem.</strong></span> <span class='ocrx_word' id='word_1_85' title='bbox 1173 1678 1197 1720; x_wconf 77' lang='lat'><strong>⁴0</strong></span> 
     </span>
     <span class='ocr_line' id='line_1_14' title="bbox 130 1770 1183 1868; baseline -0.004 -27"><span class='ocrx_word' id='word_1_86' title='bbox 130 1795 208 1843; x_wconf 76' lang='lat' dir='ltr'><strong>mc.</strong></span> <span class='ocrx_word' id='word_1_87' title='bbox 222 1773 273 1861; x_wconf 93' lang='lat' dir='ltr'><strong>Si,</strong></span> <span class='ocrx_word' id='word_1_88' title='bbox 286 1771 396 1842; x_wconf 90' lang='lat' dir='ltr'><strong>hercle</strong></span> <span class='ocrx_word' id='word_1_89' title='bbox 407 1827 416 1861; x_wconf 94' lang='lat'><strong>,</strong></span> <span class='ocrx_word' id='word_1_90' title='bbox 428 1773 514 1842; x_wconf 90' lang='lat' dir='ltr'><strong>istuc</strong></span> <span class='ocrx_word' id='word_1_91' title='bbox 527 1798 677 1868; x_wconf 91' lang='lat' dir='ltr'><strong>unquam</strong></span> <span class='ocrx_word' id='word_1_92' title='bbox 688 1772 858 1842; x_wconf 81' lang='lat' dir='ltr'><strong>factum’st</strong></span> <span class='ocrx_word' id='word_1_93' title='bbox 870 1824 880 1858; x_wconf 94' lang='lat'><strong>,</strong></span> <span class='ocrx_word' id='word_1_94' title='bbox 894 1785 967 1839; x_wconf 87' lang='lat' dir='ltr'><strong>turn</strong></span> <span class='ocrx_word' id='word_1_95' title='bbox 982 1794 1037 1838; x_wconf 91' lang='lat' dir='ltr'><strong>me</strong></span> <span class='ocrx_word' id='word_1_96' title='bbox 1048 1773 1068 1838; x_wconf 86' lang='lat' dir='ltr'>J</span> <span class='ocrx_word' id='word_1_97' title='bbox 1071 1770 1183 1864; x_wconf 87' lang='lat' dir='ltr'><strong>opiter</strong></span> 
     </span>
     <span class='ocr_line' id='line_1_15' title="bbox 128 1872 1083 1978; baseline -0.004 -26"><span class='ocrx_word' id='word_1_98' title='bbox 128 1884 260 1972; x_wconf 83' lang='lat' dir='ltr'><strong>Faciat,</strong></span> <span class='ocrx_word' id='word_1_99' title='bbox 283 1898 321 1952; x_wconf 93' lang='lat' dir='ltr'><strong>ut</strong></span> <span class='ocrx_word' id='word_1_100' title='bbox 339 1909 470 1978; x_wconf 85' lang='lat' dir='ltr'><strong>semper</strong></span> <span class='ocrx_word' id='word_1_101' title='bbox 491 1872 705 1971; x_wconf 85' lang='lat' dir='ltr'><strong>sacruficem,</strong></span> <span class='ocrx_word' id='word_1_102' title='bbox 725 1908 787 1952; x_wconf 92' lang='lat' dir='ltr'><strong>nec</strong></span> <span class='ocrx_word' id='word_1_103' title='bbox 809 1907 957 1976; x_wconf 88' lang='lat' dir='ltr'><strong>unquam</strong></span> <span class='ocrx_word' id='word_1_104' title='bbox 977 1880 1083 1950; x_wconf 89' lang='lat' dir='ltr'><strong>litem.</strong></span> 
     </span>
     <span class='ocr_line' id='line_1_16' title="bbox 110 1989 1235 2079; baseline -0.004 -17"><span class='ocrx_word' id='word_1_105' title='bbox 110 2012 211 2064; x_wconf 71' lang='lat' dir='ltr'><strong>&#39;aum</strong></span> <span class='ocrx_word' id='word_1_106' title='bbox 234 1994 289 2062; x_wconf 84' lang='lat' dir='ltr'><strong>An</strong></span> <span class='ocrx_word' id='word_1_107' title='bbox 308 1991 389 2060; x_wconf 92' lang='lat' dir='ltr'><strong>mibi</strong></span> <span class='ocrx_word' id='word_1_108' title='bbox 409 1992 479 2061; x_wconf 74' lang='lat' dir='ltr'><strong>haec</strong></span> <span class='ocrx_word' id='word_1_109' title='bbox 501 2017 570 2061; x_wconf 94' lang='lat' dir='ltr'><strong>non</strong></span> <span class='ocrx_word' id='word_1_110' title='bbox 591 1993 722 2063; x_wconf 83' lang='lat' dir='ltr'><strong>credis?</strong></span> <span class='ocrx_word' id='word_1_111' title='bbox 752 2016 831 2062; x_wconf 76' lang='lat' dir='ltr'><strong>uro.</strong></span> <span class='ocrx_word' id='word_1_112' title='bbox 851 1991 986 2079; x_wconf 87' lang='lat' dir='ltr'><strong>Credo,</strong></span> <span class='ocrx_word' id='word_1_113' title='bbox 1008 2005 1048 2059; x_wconf 91' lang='lat' dir='ltr'><strong>ut</strong></span> <span class='ocrx_word' id='word_1_114' title='bbox 1068 1989 1202 2059; x_wconf 89' lang='lat' dir='ltr'><strong>mihi&#39;st</strong></span> <span class='ocrx_word' id='word_1_115' title='bbox 1232 2041 1235 2048; x_wconf 84' lang='lat'>-</span> 
     </span>
    </p>

    <p class='ocr_par' dir='ltr' id='par_1_9' title="bbox 274 2103 559 2196">
     <span class='ocr_line' id='line_1_17' title="bbox 274 2103 559 2196; baseline 0.004 -24"><span class='ocrx_word' id='word_1_116' title='bbox 274 2127 404 2196; x_wconf 82' lang='lat' dir='ltr'><strong>aequom</strong></span> <span class='ocrx_word' id='word_1_117' title='bbox 422 2103 559 2173; x_wconf 90' lang='lat' dir='ltr'><strong>credier.</strong></span> 
     </span>
    </p>

    <p class='ocr_par' dir='ltr' id='par_1_10' title="bbox 129 2209 1201 2417">
     <span class='ocr_line' id='line_1_18' title="bbox 130 2209 1188 2306; baseline -0.002 -24"><span class='ocrx_word' id='word_1_118' title='bbox 130 2219 203 2306; x_wconf 78' lang='lat' dir='ltr'><strong>Age</strong></span> <span class='ocrx_word' id='word_1_119' title='bbox 218 2233 333 2281; x_wconf 85' lang='lat' dir='ltr'><strong>eamus</strong></span> <span class='ocrx_word' id='word_1_120' title='bbox 350 2212 458 2300; x_wconf 87' lang='lat' dir='ltr'><strong>intro,</strong></span> <span class='ocrx_word' id='word_1_121' title='bbox 480 2213 561 2281; x_wconf 88' lang='lat' dir='ltr'><strong>dum</strong></span> <span class='ocrx_word' id='word_1_122' title='bbox 582 2228 657 2282; x_wconf 81' lang='lat' dir='ltr'><strong>exto</strong></span> <span class='ocrx_word' id='word_1_123' title='bbox 675 2213 880 2282; x_wconf 83' lang='lat' dir='ltr'><strong>referuntur.</strong></span> <span class='ocrx_word' id='word_1_124' title='bbox 903 2235 986 2282; x_wconf 77' lang='lat' dir='ltr'><strong>aur.</strong></span> <span class='ocrx_word' id='word_1_125' title='bbox 1005 2209 1096 2281; x_wconf 92' lang='lat' dir='ltr'><strong>Volo</strong></span> <span class='ocrx_word' id='word_1_126' title='bbox 1184 2232 1188 2239; x_wconf 89' lang='lat'>·</span> 
     </span>
     <span class='ocr_line' id='line_1_19' title="bbox 129 2320 1201 2417; baseline -0.005 -24"><span class='ocrx_word' id='word_1_127' title='bbox 129 2323 276 2393; x_wconf 86' lang='lat' dir='ltr'><strong>Narrare</strong></span> <span class='ocrx_word' id='word_1_128' title='bbox 294 2321 356 2389; x_wconf 92' lang='lat' dir='ltr'><strong>tibi</strong></span> <span class='ocrx_word' id='word_1_129' title='bbox 373 2324 474 2392; x_wconf 87' lang='lat' dir='ltr'><strong>etiam</strong></span> <span class='ocrx_word' id='word_1_130' title='bbox 496 2347 599 2391; x_wconf 90' lang='lat' dir='ltr'><strong>unam</strong></span> <span class='ocrx_word' id='word_1_131' title='bbox 617 2347 776 2417; x_wconf 85' lang='lat' dir='ltr'><strong>pugnam.</strong></span> <span class='ocrx_word' id='word_1_132' title='bbox 798 2344 874 2390; x_wconf 74' lang='lat' dir='ltr'><strong>osc.</strong></span> <span class='ocrx_word' id='word_1_133' title='bbox 893 2320 989 2393; x_wconf 88' lang='lat' dir='ltr'><strong>Nihil</strong></span> <span class='ocrx_word' id='word_1_134' title='bbox 1007 2346 1135 2389; x_wconf 91' lang='lat' dir='ltr'><strong>moror.</strong></span> <span class='ocrx_word' id='word_1_135' title='bbox 1177 2341 1201 2388; x_wconf 75' lang='lat' dir='ltr'><strong>u</strong></span> 
     </span>
    </p>
   </div>
   <div class='ocr_carea' id='block_1_3' title="bbox 129 2428 1206 2966">
    <p class='ocr_par' dir='ltr' id='par_1_11' title="bbox 130 2428 1204 2635">
     <span class='ocr_line' id='line_1_20' title="bbox 130 2428 1204 2525; baseline -0.002 -23"><span class='ocrx_word' id='word_1_136' title='bbox 130 2454 214 2503; x_wconf 69' lang='lat' dir='ltr'><strong>tur.</strong></span> <span class='ocrx_word' id='word_1_137' title='bbox 243 2428 413 2503; x_wconf 84' lang='lat' dir='ltr'><strong>Ausculta.</strong></span> <span class='ocrx_word' id='word_1_138' title='bbox 438 2456 516 2503; x_wconf 75' lang='lat' dir='ltr'><strong>nuc.</strong></span> <span class='ocrx_word' id='word_1_139' title='bbox 539 2435 640 2521; x_wconf 89' lang='lat' dir='ltr'><strong>Non,</strong></span> <span class='ocrx_word' id='word_1_140' title='bbox 672 2430 794 2503; x_wconf 90' lang='lat' dir='ltr'><strong>hercle.</strong></span> <span class='ocrx_word' id='word_1_141' title='bbox 816 2456 897 2502; x_wconf 75' lang='lat' dir='ltr'><strong>arr.</strong></span> <span class='ocrx_word' id='word_1_142' title='bbox 921 2435 1032 2502; x_wconf 92' lang='lat' dir='ltr'><strong>Tuum</strong></span> <span class='ocrx_word' id='word_1_143' title='bbox 1047 2431 1120 2525; x_wconf 90' lang='lat' dir='ltr'><strong>jam</strong></span> <span class='ocrx_word' id='word_1_144' title='bbox 1145 2431 1204 2500; x_wconf 90' lang='lat' dir='ltr'><strong>eli·</strong></span> 
     </span>
     <span class='ocr_line' id='line_1_21' title="bbox 277 2539 494 2635; baseline 0.005 -27"><span class='ocrx_word' id='word_1_145' title='bbox 277 2539 355 2608; x_wconf 89' lang='lat' dir='ltr'><strong>dam</strong></span> <span class='ocrx_word' id='word_1_146' title='bbox 373 2556 494 2635; x_wconf 90' lang='lat' dir='ltr'><strong>caput,</strong></span> 
     </span>
    </p>

    <p class='ocr_par' dir='ltr' id='par_1_12' title="bbox 131 2649 904 2738">
     <span class='ocr_line' id='line_1_22' title="bbox 131 2649 904 2738; baseline -0.003 -16"><span class='ocrx_word' id='word_1_147' title='bbox 131 2650 204 2722; x_wconf 84' lang='lat' dir='ltr'><strong>Nisi</strong></span> <span class='ocrx_word' id='word_1_148' title='bbox 226 2649 411 2738; x_wconf 84' lang='lat' dir='ltr'><strong>auscultas,</strong></span> <span class='ocrx_word' id='word_1_149' title='bbox 434 2665 493 2719; x_wconf 92' lang='lat' dir='ltr'><strong>aut</strong></span> <span class='ocrx_word' id='word_1_150' title='bbox 513 2653 541 2720; x_wconf 91' lang='lat' dir='ltr'><strong>is</strong></span> <span class='ocrx_word' id='word_1_151' title='bbox 562 2652 597 2719; x_wconf 90' lang='lat' dir='ltr'><strong>in</strong></span> <span class='ocrx_word' id='word_1_152' title='bbox 615 2651 738 2720; x_wconf 90' lang='lat' dir='ltr'><strong>malam</strong></span> <span class='ocrx_word' id='word_1_153' title='bbox 759 2675 904 2720; x_wconf 86' lang='lat' dir='ltr'><strong>crucem.</strong></span> 
     </span>
    </p>

    <p class='ocr_par' dir='ltr' id='par_1_13' title="bbox 129 2757 1206 2855">
     <span class='ocr_line' id='line_1_23' title="bbox 129 2757 1206 2855; baseline -0.001 -26"><span class='ocrx_word' id='word_1_154' title='bbox 129 2781 208 2831; x_wconf 76' lang='lat' dir='ltr'><strong>uro.</strong></span> <span class='ocrx_word' id='word_1_155' title='bbox 228 2757 353 2829; x_wconf 89' lang='lat' dir='ltr'><strong>Malam</strong></span> <span class='ocrx_word' id='word_1_156' title='bbox 379 2785 511 2830; x_wconf 88' lang='lat' dir='ltr'><strong>crucem</strong></span> <span class='ocrx_word' id='word_1_157' title='bbox 531 2758 586 2829; x_wconf 93' lang='lat' dir='ltr'><strong>ibo</strong></span> <span class='ocrx_word' id='word_1_158' title='bbox 607 2764 729 2855; x_wconf 89' lang='lat' dir='ltr'><strong>potius.</strong></span> <span class='ocrx_word' id='word_1_159' title='bbox 754 2786 836 2831; x_wconf 76' lang='lat' dir='ltr'><strong>rur.</strong></span> <span class='ocrx_word' id='word_1_160' title='bbox 856 2764 1039 2830; x_wconf 87' lang='lat' dir='ltr'><strong>Certumne</strong></span> <span class='ocrx_word' id='word_1_161' title='bbox 1056 2759 1097 2829; x_wconf 85' lang='lat' dir='ltr'><strong>’st</strong></span> <span class='ocrx_word' id='word_1_162' title='bbox 1118 2762 1206 2829; x_wconf 75' lang='lat' dir='ltr'><strong>tibi?</strong></span> 
     </span>
    </p>

    <p class='ocr_par' dir='ltr' id='par_1_14' title="bbox 130 2871 1184 2966">
     <span class='ocr_line' id='line_1_24' title="bbox 130 2871 1184 2966; baseline 0.002 -28"><span class='ocrx_word' id='word_1_163' title='bbox 130 2890 212 2938; x_wconf 77' lang='lat' dir='ltr'><strong>nro.</strong></span> <span class='ocrx_word' id='word_1_164' title='bbox 229 2872 377 2939; x_wconf 86' lang='lat' dir='ltr'><strong>Certum.</strong></span> <span class='ocrx_word' id='word_1_165' title='bbox 399 2892 479 2938; x_wconf 76' lang='lat' dir='ltr'><strong>arr.</strong></span> <span class='ocrx_word' id='word_1_166' title='bbox 496 2873 583 2939; x_wconf 87' lang='lat' dir='ltr'><strong>Tum</strong></span> <span class='ocrx_word' id='word_1_167' title='bbox 602 2884 639 2939; x_wconf 92' lang='lat' dir='ltr'><strong>tu</strong></span> <span class='ocrx_word' id='word_1_168' title='bbox 658 2872 760 2964; x_wconf 83' lang='lat' dir='ltr'><strong>igitur</strong></span> <span class='ocrx_word' id='word_1_169' title='bbox 783 2872 836 2940; x_wconf 90' lang='lat' dir='ltr'><strong>die</strong></span> <span class='ocrx_word' id='word_1_170' title='bbox 859 2872 949 2940; x_wconf 92' lang='lat' dir='ltr'><strong>bono</strong></span> <span class='ocrx_word' id='word_1_171' title='bbox 969 2871 1184 2966; x_wconf 86' lang='lat' dir='ltr'><strong>Aphrodisiis</strong></span> 
     </span>
    </p>
   </div>
   <div class='ocr_carea' id='block_1_4' title="bbox 131 3084 1205 3260">
    <p class='ocr_par' dir='ltr' id='par_1_15' title="bbox 131 3084 1205 3260">
     <span class='ocr_line' id='line_1_25' title="bbox 174 3084 1205 3180; baseline 0.002 -20"><span class='ocrx_word' id='word_1_172' title='bbox 174 3108 221 3160; x_wconf 73' lang='lat'><strong>³2.</strong></span> <span class='ocrx_word' id='word_1_173' title='bbox 235 3107 292 3167; x_wconf 80' lang='lat' dir='ltr'><strong>Eo,</strong></span> <span class='ocrx_word' id='word_1_174' title='bbox 312 3103 557 3159; x_wconf 73' lang='lat' dir='ltr'><strong>ideo-Pronoea.</strong></span> <span class='ocrx_word' id='word_1_175' title='bbox 575 3107 649 3161; x_wconf 78' lang='lat' dir='ltr'><strong>Folia</strong></span> <span class='ocrx_word' id='word_1_176' title='bbox 691 3110 779 3180; x_wconf 80' lang='lat' dir='ltr'><strong>jures,</strong></span> <span class='ocrx_word' id='word_1_177' title='bbox 795 3122 846 3163; x_wconf 88' lang='lat' dir='ltr'><strong>etc.</strong></span> <span class='ocrx_word' id='word_1_178' title='bbox 859 3134 870 3156; x_wconf 76' lang='grc' dir='ltr'>ι</span> <span class='ocrx_word' id='word_1_179' title='bbox 885 3084 944 3160; x_wconf 74' lang='lat' dir='ltr'><strong>itit.</strong></span> <span class='ocrx_word' id='word_1_180' title='bbox 956 3109 1008 3173; x_wconf 90' lang='lat' dir='ltr'><strong>IV,</strong></span> <span class='ocrx_word' id='word_1_181' title='bbox 1032 3128 1047 3160; x_wconf 70' lang='grc' dir='ltr'><strong>ι</strong></span> <span class='ocrx_word' id='word_1_182' title='bbox 1067 3125 1075 3160; x_wconf 91' lang='lat'><strong>:</strong></span> <span class='ocrx_word' id='word_1_183' title='bbox 1095 3109 1205 3176; x_wconf 71' lang='lat' dir='ltr'><strong>-llem,</strong></span> 
     </span>
     <span class='ocr_line' id='line_1_26' title="bbox 131 3186 1202 3260; baseline -0.004 -19"><span class='ocrx_word' id='word_1_184' title='bbox 131 3186 226 3241; x_wconf 72' lang='lat' dir='ltr'><strong>tartari</strong></span> <span class='ocrx_word' id='word_1_185' title='bbox 245 3187 397 3239; x_wconf 75' lang='lat' dir='ltr'><strong>sternebant</strong></span> <span class='ocrx_word' id='word_1_186' title='bbox 415 3186 444 3237; x_wconf 88' lang='lat' dir='ltr'><strong>in</strong></span> <span class='ocrx_word' id='word_1_187' title='bbox 458 3187 528 3239; x_wconf 76' lang='lat' dir='ltr'><strong>cavis</strong></span> <span class='ocrx_word' id='word_1_188' title='bbox 543 3186 649 3253; x_wconf 83' lang='lat' dir='ltr'><strong>fundis,</strong></span> <span class='ocrx_word' id='word_1_189' title='bbox 692 3201 811 3253; x_wconf 81' lang='lat' dir='ltr'><strong>ecastor,</strong></span> <span class='ocrx_word' id='word_1_190' title='bbox 838 3188 977 3241; x_wconf 90' lang='lat' dir='ltr'><strong>hominem</strong></span> <span class='ocrx_word' id='word_1_191' title='bbox 1001 3190 1166 3260; x_wconf 85' lang='lat' dir='ltr'><strong>perjurum!</strong></span> <span class='ocrx_word' id='word_1_192' title='bbox 1192 3217 1202 3237; x_wconf 77' lang='grc'><em>.</em></span> 
     </span>
    </p>
   </div>
   <div class='ocr_carea' id='block_1_5' title="bbox 34 3264 1017 3338">
    <p class='ocr_par' dir='ltr' id='par_1_16' title="bbox 34 3264 1017 3338">
     <span class='ocr_line' id='line_1_27' title="bbox 34 3264 1017 3338; baseline 0 -19"><span class='ocrx_word' id='word_1_193' title='bbox 34 3295 36 3298; x_wconf 93' lang='grc'><strong>-</strong></span> <span class='ocrx_word' id='word_1_194' title='bbox 133 3265 401 3338; x_wconf 78' lang='lat' dir='ltr'><strong>priusquemviscum</strong></span> <span class='ocrx_word' id='word_1_195' title='bbox 412 3264 545 3319; x_wconf 81' lang='lat' dir='ltr'><strong>inderent.</strong></span> <span class='ocrx_word' id='word_1_196' title='bbox 565 3267 647 3320; x_wconf 85' lang='lat' dir='ltr'><strong>N.—-</strong></span> <span class='ocrx_word' id='word_1_197' title='bbox 692 3267 777 3320; x_wconf 81' lang='lat' dir='ltr'><strong>Mero.</strong></span> <span class='ocrx_word' id='word_1_198' title='bbox 787 3270 844 3333; x_wconf 85' lang='lat'><strong>111,</strong></span> <span class='ocrx_word' id='word_1_199' title='bbox 860 3288 884 3321; x_wconf 90' lang='lat'><strong>1.</strong></span> <span class='ocrx_word' id='word_1_200' title='bbox 901 3269 1017 3321; x_wconf 70' lang='lat' dir='ltr'><strong>Aornin.</strong></span> 
     </span>
    </p>
   </div>
   <div class='ocr_carea' id='block_1_6' title="bbox 129 3345 1220 4053">
    <p class='ocr_par' dir='ltr' id='par_1_17' title="bbox 131 3345 1220 3896">
     <span class='ocr_line' id='line_1_28' title="bbox 132 3345 1208 3413; baseline 0.003 -15"><span class='ocrx_word' id='word_1_201' title='bbox 132 3347 242 3413; x_wconf 72' lang='lat' dir='ltr'><strong>Farferr&#39;.</strong></span> <span class='ocrx_word' id='word_1_202' title='bbox 263 3346 376 3398; x_wconf 80' lang='lat' dir='ltr'><strong>Festus:</strong></span> <span class='ocrx_word' id='word_1_203' title='bbox 394 3345 573 3409; x_wconf 60' lang='lat' dir='ltr'><strong>«strictum,</strong></span> <span class='ocrx_word' id='word_1_204' title='bbox 593 3347 648 3399; x_wconf 85' lang='lat' dir='ltr'><strong>vir·</strong></span> <span class='ocrx_word' id='word_1_205' title='bbox 734 3354 779 3411; x_wconf 70' lang='lat'><strong>40.</strong></span> <span class='ocrx_word' id='word_1_206' title='bbox 791 3350 815 3399; x_wconf 90' lang='grc' dir='ltr'><em>Τ</em></span> <span class='ocrx_word' id='word_1_207' title='bbox 814 3360 927 3399; x_wconf 73' lang='lat' dir='ltr'><strong>urrerem.</strong></span> <span class='ocrx_word' id='word_1_208' title='bbox 936 3347 1012 3400; x_wconf 89' lang='lat' dir='ltr'><strong>Solet</strong></span> <span class='ocrx_word' id='word_1_209' title='bbox 1021 3348 1093 3400; x_wconf 89' lang='lat' dir='ltr'><strong>enim</strong></span> <span class='ocrx_word' id='word_1_210' title='bbox 1101 3348 1208 3412; x_wconf 87' lang='lat' dir='ltr'><strong>turdus,</strong></span> 
     </span>
     <span class='ocr_line' id='line_1_29' title="bbox 134 3425 1220 3498; baseline 0.003 -20"><span class='ocrx_word' id='word_1_211' title='bbox 134 3427 201 3497; x_wconf 76' lang='lat' dir='ltr'><strong>gulti</strong></span> <span class='ocrx_word' id='word_1_212' title='bbox 221 3444 304 3497; x_wconf 70' lang='lat' dir='ltr'><strong>genus</strong></span> <span class='ocrx_word' id='word_1_213' title='bbox 318 3450 343 3477; x_wconf 73' lang='grc' dir='ltr'><strong>ο.</strong></span> <span class='ocrx_word' id='word_1_214' title='bbox 359 3425 498 3478; x_wconf 74' lang='lat' dir='ltr'><strong>Feriarum</strong></span> <span class='ocrx_word' id='word_1_215' title='bbox 512 3425 596 3479; x_wconf 85' lang='lat' dir='ltr'><strong>herba</strong></span> <span class='ocrx_word' id='word_1_216' title='bbox 608 3440 648 3480; x_wconf 85' lang='lat' dir='ltr'><strong>est</strong></span> <span class='ocrx_word' id='word_1_217' title='bbox 691 3439 722 3480; x_wconf 81' lang='lat' dir='ltr'><strong>ut</strong></span> <span class='ocrx_word' id='word_1_218' title='bbox 734 3441 760 3480; x_wconf 89' lang='lat' dir='ltr'><strong>et</strong></span> <span class='ocrx_word' id='word_1_219' title='bbox 771 3440 891 3496; x_wconf 69' lang='lat' dir='ltr'><strong>attagen,</strong></span> <span class='ocrx_word' id='word_1_220' title='bbox 902 3427 1013 3498; x_wconf 74' lang='lat' dir='ltr'><strong>aliaeque</strong></span> <span class='ocrx_word' id='word_1_221' title='bbox 1025 3446 1099 3491; x_wconf 85' lang='lat' dir='ltr'><strong>aves,</strong></span> <span class='ocrx_word' id='word_1_222' title='bbox 1112 3447 1220 3498; x_wconf 76' lang='lat' dir='ltr'><strong>penne·</strong></span> 
     </span>
     <span class='ocr_line' id='line_1_30' title="bbox 133 3503 1208 3578; baseline 0.001 -20"><span class='ocrx_word' id='word_1_223' title='bbox 133 3506 278 3576; x_wconf 79' lang='lat' dir='ltr'><strong>nympheae</strong></span> <span class='ocrx_word' id='word_1_224' title='bbox 290 3503 646 3578; x_wconf 82' lang='lat' dir='ltr'><strong>nondissimilis,tussilago</strong></span> <span class='ocrx_word' id='word_1_225' title='bbox 691 3525 744 3558; x_wconf 71' lang='lat' dir='ltr'><strong>sun</strong></span> <span class='ocrx_word' id='word_1_226' title='bbox 763 3507 886 3559; x_wconf 84' lang='lat' dir='ltr'><strong>acumine</strong></span> <span class='ocrx_word' id='word_1_227' title='bbox 910 3526 959 3577; x_wconf 89' lang='lat' dir='ltr'><strong>per</strong></span> <span class='ocrx_word' id='word_1_228' title='bbox 978 3507 1135 3571; x_wconf 87' lang='lat' dir='ltr'><strong>cerebrum,</strong></span> <span class='ocrx_word' id='word_1_229' title='bbox 1157 3527 1208 3578; x_wconf 88' lang='lat' dir='ltr'><strong>qna</strong></span> 
     </span>
     <span class='ocr_line' id='line_1_31' title="bbox 132 3583 1207 3654; baseline 0.004 -17"><span class='ocrx_word' id='word_1_230' title='bbox 132 3597 243 3650; x_wconf 79' lang='lat' dir='ltr'><strong>nostro,</strong></span> <span class='ocrx_word' id='word_1_231' title='bbox 257 3583 356 3651; x_wconf 74' lang='grc' dir='ltr'><strong>βήχιον,</strong></span> <span class='ocrx_word' id='word_1_232' title='bbox 376 3585 470 3654; x_wconf 89' lang='lat' dir='ltr'><strong>populi</strong></span> <span class='ocrx_word' id='word_1_233' title='bbox 485 3585 551 3638; x_wconf 80' lang='lat' dir='ltr'><strong>albae</strong></span> <span class='ocrx_word' id='word_1_234' title='bbox 568 3587 647 3651; x_wconf 87' lang='lat' dir='ltr'><strong>lolio,</strong></span> <span class='ocrx_word' id='word_1_235' title='bbox 691 3586 781 3645; x_wconf 81' lang='lat' dir='ltr'><strong>cervix</strong></span> <span class='ocrx_word' id='word_1_236' title='bbox 792 3585 873 3654; x_wconf 80' lang='lat' dir='ltr'><strong>copiti</strong></span> <span class='ocrx_word' id='word_1_237' title='bbox 884 3587 1070 3650; x_wconf 84' lang='lat' dir='ltr'><strong>committitur,</strong></span> <span class='ocrx_word' id='word_1_238' title='bbox 1081 3605 1114 3638; x_wconf 86' lang='lat' dir='ltr'><strong>ex</strong></span> <span class='ocrx_word' id='word_1_239' title='bbox 1127 3584 1207 3641; x_wconf 86' lang='lat' dir='ltr'><strong>disci·</strong></span> 
     </span>
     <span class='ocr_line' id='line_1_32' title="bbox 134 3662 1151 3734; baseline 0 -16"><span class='ocrx_word' id='word_1_240' title='bbox 134 3663 180 3718; x_wconf 78' lang='lat' dir='ltr'><strong>sed</strong></span> <span class='ocrx_word' id='word_1_241' title='bbox 193 3662 339 3732; x_wconf 83' lang='lat' dir='ltr'><strong>ampliore:</strong></span> <span class='ocrx_word' id='word_1_242' title='bbox 352 3680 411 3732; x_wconf 84' lang='lat' dir='ltr'><strong>quoe</strong></span> <span class='ocrx_word' id='word_1_243' title='bbox 420 3664 554 3717; x_wconf 85' lang='lat' dir='ltr'><strong>ferronum</strong></span> <span class='ocrx_word' id='word_1_244' title='bbox 565 3666 646 3718; x_wconf 82' lang='lat' dir='ltr'><strong>etiam</strong></span> <span class='ocrx_word' id='word_1_245' title='bbox 691 3665 765 3734; x_wconf 90' lang='lat' dir='ltr'><strong>plina</strong></span> <span class='ocrx_word' id='word_1_246' title='bbox 777 3665 927 3728; x_wconf 84' lang='lat' dir='ltr'><strong>venatoria,</strong></span> <span class='ocrx_word' id='word_1_247' title='bbox 944 3665 1039 3718; x_wconf 77' lang='lat' dir='ltr'><strong>adacto</strong></span> <span class='ocrx_word' id='word_1_248' title='bbox 1050 3666 1151 3718; x_wconf 87' lang='lat' dir='ltr'><strong>necari.</strong></span> 
     </span>
     <span class='ocr_line' id='line_1_33' title="bbox 131 3743 1208 3817; baseline 0 -19"><span class='ocrx_word' id='word_1_249' title='bbox 131 3743 647 3814; x_wconf 74' lang='lat' dir='ltr'><strong>etfarfugiumrocemus.slpul.«Folia</strong></span> <span class='ocrx_word' id='word_1_250' title='bbox 734 3745 779 3806; x_wconf 73' lang='grc'><strong>43.</strong></span> <span class='ocrx_word' id='word_1_251' title='bbox 805 3745 840 3795; x_wconf 86' lang='lat' dir='ltr'><strong>Ut</strong></span> <span class='ocrx_word' id='word_1_252' title='bbox 860 3746 919 3795; x_wconf 76' lang='lat' dir='ltr'><strong>milti</strong></span> <span class='ocrx_word' id='word_1_253' title='bbox 940 3747 971 3794; x_wconf 80' lang='lat' dir='ltr'><strong>’st</strong></span> <span class='ocrx_word' id='word_1_254' title='bbox 990 3765 1082 3817; x_wconf 74' lang='lat' dir='ltr'><strong>aequom</strong></span> <span class='ocrx_word' id='word_1_255' title='bbox 1105 3748 1208 3799; x_wconf 83' lang='lat' dir='ltr'><strong>credier.</strong></span> 
     </span>
     <span class='ocr_line' id='line_1_34' title="bbox 132 3822 1208 3896; baseline 0.002 -20"><span class='ocrx_word' id='word_1_256' title='bbox 132 3835 193 3876; x_wconf 79' lang='lat' dir='ltr'><strong>eunt</strong></span> <span class='ocrx_word' id='word_1_257' title='bbox 204 3822 294 3876; x_wconf 84' lang='lat' dir='ltr'><strong>farleri</strong></span> <span class='ocrx_word' id='word_1_258' title='bbox 304 3835 333 3875; x_wconf 86' lang='lat' dir='ltr'><strong>et</strong></span> <span class='ocrx_word' id='word_1_259' title='bbox 341 3841 418 3892; x_wconf 73' lang='lat' dir='ltr'><strong>noges</strong></span> <span class='ocrx_word' id='word_1_260' title='bbox 429 3842 507 3878; x_wconf 77' lang='lat' dir='ltr'><strong>meree</strong></span> <span class='ocrx_word' id='word_1_261' title='bbox 517 3825 643 3876; x_wconf 78' lang='lat' dir='ltr'><strong>·.Tun1r.</strong></span> <span class='ocrx_word' id='word_1_262' title='bbox 689 3823 809 3874; x_wconf 89' lang='lat' dir='ltr'><strong>Dubium</strong></span> <span class='ocrx_word' id='word_1_263' title='bbox 826 3824 879 3876; x_wconf 85' lang='lat' dir='ltr'><strong>fuit</strong></span> <span class='ocrx_word' id='word_1_264' title='bbox 898 3843 1003 3894; x_wconf 85' lang='lat' dir='ltr'><strong>semper</strong></span> <span class='ocrx_word' id='word_1_265' title='bbox 1017 3822 1090 3896; x_wconf 88' lang='lat' dir='ltr'><strong>apud</strong></span> <span class='ocrx_word' id='word_1_266' title='bbox 1105 3839 1208 3878; x_wconf 86' lang='lat' dir='ltr'><strong>veteres</strong></span> 
     </span>
    </p>

    <p class='ocr_par' dir='ltr' id='par_1_18' title="bbox 129 3903 1208 4053">
     <span class='ocr_line' id='line_1_35' title="bbox 173 3903 1208 3974; baseline 0.004 -20"><span class='ocrx_word' id='word_1_267' title='bbox 173 3903 217 3966; x_wconf 74' lang='lat'><strong>34.</strong></span> <span class='ocrx_word' id='word_1_268' title='bbox 253 3903 379 3972; x_wconf 77' lang='lat' dir='ltr'><strong>Perjoras.</strong></span> <span class='ocrx_word' id='word_1_269' title='bbox 410 3903 568 3972; x_wconf 82' lang='lat' dir='ltr'><strong>Perjorare,</strong></span> <span class='ocrx_word' id='word_1_270' title='bbox 594 3916 645 3972; x_wconf 84' lang='lat' dir='ltr'><strong>pro</strong></span> <span class='ocrx_word' id='word_1_271' title='bbox 690 3914 779 3954; x_wconf 89' lang='lat' dir='ltr'><strong>utrum</strong></span> <span class='ocrx_word' id='word_1_272' title='bbox 802 3905 937 3974; x_wconf 80' lang='lat' dir='ltr'><strong>perJ&#39;nrior</strong></span> <span class='ocrx_word' id='word_1_273' title='bbox 955 3905 1018 3957; x_wconf 90' lang='lat' dir='ltr'><strong>leno</strong></span> <span class='ocrx_word' id='word_1_274' title='bbox 1042 3924 1075 3958; x_wconf 83' lang='lat' dir='ltr'><strong>an</strong></span> <span class='ocrx_word' id='word_1_275' title='bbox 1100 3907 1208 3958; x_wconf 77' lang='lat' dir='ltr'><strong>avarior</strong></span> 
     </span>
     <span class='ocr_line' id='line_1_36' title="bbox 129 3982 817 4053; baseline 0 -18"><span class='ocrx_word' id='word_1_276' title='bbox 129 3982 238 4035; x_wconf 88' lang='lat' dir='ltr'><strong>mentiri</strong></span> <span class='ocrx_word' id='word_1_277' title='bbox 252 3983 416 4053; x_wconf 80' lang='lat' dir='ltr'><strong>simpliciter,</strong></span> <span class='ocrx_word' id='word_1_278' title='bbox 430 3995 460 4034; x_wconf 86' lang='lat' dir='ltr'><strong>ut</strong></span> <span class='ocrx_word' id='word_1_279' title='bbox 470 3982 540 4034; x_wconf 83' lang='lat' dir='ltr'><strong>inlra</strong></span> <span class='ocrx_word' id='word_1_280' title='bbox 554 3983 644 4049; x_wconf 77' lang='lat' dir='ltr'><strong>actv,</strong></span> <span class='ocrx_word' id='word_1_281' title='bbox 690 3995 767 4035; x_wconf 80' lang='lat' dir='ltr'><strong>esset.</strong></span> <span class='ocrx_word' id='word_1_282' title='bbox 783 3983 817 4036; x_wconf 86' lang='lat' dir='ltr'><strong>N.</strong></span> 
     </span>
    </p>
   </div>
   <div class='ocr_carea' id='block_1_7' title="bbox 132 4062 1205 4134">
    <p class='ocr_par' dir='ltr' id='par_1_19' title="bbox 132 4062 1205 4134">
     <span class='ocr_line' id='line_1_37' title="bbox 132 4062 1205 4134; baseline 0.003 -19"><span class='ocrx_word' id='word_1_283' title='bbox 132 4068 165 4127; x_wconf 66' lang='lat'><strong>4:</strong></span> <span class='ocrx_word' id='word_1_284' title='bbox 183 4081 248 4115; x_wconf 71' lang='lat' dir='ltr'><strong>uso.</strong></span> <span class='ocrx_word' id='word_1_285' title='bbox 261 4063 301 4116; x_wconf 89' lang='lat' dir='ltr'><strong>Da</strong></span> <span class='ocrx_word' id='word_1_286' title='bbox 316 4063 413 4133; x_wconf 79' lang='lat' dir='ltr'><strong>pignus</strong></span> <span class='ocrx_word' id='word_1_287' title='bbox 422 4100 430 4126; x_wconf 93' lang='lat'><strong>,</strong></span> <span class='ocrx_word' id='word_1_288' title='bbox 447 4062 475 4113; x_wconf 89' lang='lat' dir='ltr'><strong>ni</strong></span> <span class='ocrx_word' id='word_1_289' title='bbox 489 4078 562 4114; x_wconf 85' lang='lat' dir='ltr'><strong>nunc</strong></span> <span class='ocrx_word' id='word_1_290' title='bbox 581 4080 644 4132; x_wconf 89' lang='lat' dir='ltr'><strong>per·</strong></span> <span class='ocrx_word' id='word_1_291' title='bbox 730 4067 776 4130; x_wconf 75' lang='grc'><strong>49.</strong></span> <span class='ocrx_word' id='word_1_292' title='bbox 793 4063 841 4115; x_wconf 82' lang='lat' dir='ltr'><strong>Die</strong></span> <span class='ocrx_word' id='word_1_293' title='bbox 854 4063 930 4129; x_wconf 73' lang='lat' dir='ltr'><strong>bono,</strong></span> <span class='ocrx_word' id='word_1_294' title='bbox 948 4064 1031 4127; x_wconf 85' lang='lat' dir='ltr'><strong>felici,</strong></span> <span class='ocrx_word' id='word_1_295' title='bbox 1055 4067 1205 4134; x_wconf 68' lang='lat' dir='ltr'><strong>presertim</strong></span> 
     </span>
    </p>
   </div>
   <div class='ocr_carea' id='block_1_8' title="bbox 0 0 1344 4778">
    <p class='ocr_par' dir='ltr' id='par_1_20' title="bbox 0 0 1344 4778">
     <span class='ocr_line' id='line_1_38' title="bbox 0 0 1344 4778; baseline 0 0"><span class='ocrx_word' id='word_1_296' title='bbox 0 0 1344 4778; x_wconf 95' lang='lat' dir='ltr'><strong> </strong></span> 
     </span>
    </p>
   </div>
  </div>
 </body>
</html>
