2654 4778
334 385 497 454 rurus
521 388 557 471 1,
583 384 752 455 scunt
776 384 850 452 tu.
948 403 952 412 ·
1082 383 1129 458 33

60 502 209 575 Multam
226 506 308 575 meis
324 506 434 575 verbis
450 504 601 576 salutem.
620 528 771 579 ananan.
790 507 920 576 Dicam.
940 531 1048 578 acon.
1068 511 1131 581 Ar·

213 640 277 709 que
298 615 363 684 hoc
385 616 475 685 audi.
498 641 653 688 ausura.
677 617 770 706 Quid
790 617 863 685 est?
937 677 993 701 ‚.
1095 637 1133 692 19⁵

61 750 174 797 acon.
197 727 317 798 Paucis
337 726 446 795 verbis
465 752 534 796 rem
554 727 701 796 divinam
721 727 821 796 facito
842 753 849 795 τ
871 717 978 820 atque.
995 727 1132 798 audin’?

212 837 349 930 respice.

61 971 219 1017 innuen.
238 947 392 1040 Respexi.
403 971 511 1017 acon.
527 946 621 1016 Idem
631 945 900 1041 ,pol,Venerem
914 945 1014 1017 credo
1025 946 1130 1018 factu·

212 1081 283 1127 ram
306 1057 379 1126 tibi.

254 1289 257 1296 ’
334 1230 922 1439 scemurensem

292 1512 673 1599 aconasrocnns,
698 1510 907 1597 minemo.
1000 1621 1004 1629 .
1089 1457 1092 1464 ¹

57 1733 172 1780 acon.
192 1706 286 1798 Quid
304 1732 396 1776 nunc
415 1706 496 1775 mihi
518 1731 551 1775 es
568 1719 707 1793 auctor,
732 1702 902 1801 Milphio?
932 1729 1057 1778 urnam
1083 1710 1132 1778 Ut

207 1841 261 1885 me
279 1815 452 1903 verberes,

55 1929 173 2019 Atque
193 1925 383 1995 auctionem
407 1925 533 1994 facias:
556 1948 633 1993 nam
653 1925 896 2019 impunissume

55 2037 137 2106 Tihi
150 2033 460 2130 .quidem,·hercle,
479 2034 623 2104 vendere
644 2033 742 2102 hasce
762 2034 860 2104 aedeis
879 2033 966 2105 licet.

57 2171 173 2216 acon.
200 2145 295 2233 Quid
312 2146 403 2238 jam?
429 2169 553 2215 minen.
579 2145 742 2236 Majorem
772 2146 962 2239 partemin
988 2171 1046 2216 ore
1075 2148 1131 2216 ha-

207 2255 395 2328 bitasmee.
748 2322 752 2333 ,
809 2325 815 2335 ,

56 2388 171 2435 Acon.
185 2364 372 2459 Supersede
383 2365 455 2432 istis
468 2364 586 2432 verbis.
600 2386 724 2433 atrurn.
736 2361 829 2452 Quid
841 2388 932 2432 nunc
943 2364 992 2432 vis
1007 2365 1090 2435 tibi?
1118 2386 1129 2422 ⁵

56 2499 167 2546 Acon.
187 2458 368 2544 Trecentos
386 2473 558 2567 Philippos
577 2471 768 2566 Collybisco
787 2470 899 2540 villico

55 2581 148 2652 Dedi
168 2581 318 2667 dudum,
333 2582 530 2676 priusquam
543 2605 607 2662 ,me
622 2582 767 2650 evocasti
786 2581 885 2650 foras.

55 2697 159 2778 Nunc
177 2691 315 2760 obsecro
335 2705 387 2778 te,
406 2690 570 2785 Milphio,
590 2692 677 2761 hanc
697 2699 756 2785 per
772 2691 959 2777 dexteram,

53 2806 187 2894 Perque
207 2800 295 2870 hanc
315 2826 463 2870 sororem
484 2797 617 2888 laevam,
636 2826 760 2895 perque
778 2799 892 2870 oculos
915 2793 1006 2889 tuos,

53 2914 188 3005 Perque
208 2935 300 2979 meos
315 2936 470 2997 amores,
489 2936 615 3006 perque
631 2910 869 3004 Adelphasium
889 2935 1015 2997 meam,
1054 2968 1056 2973 .
1103 2944 1128 2978 to

54 3024 188 3114 Perque
197 3036 290 3089 tuam
300 3020 499 3090 libertatem.
512 3044 640 3091 atrurn.
650 3024 735 3089 Hem
753 3044 843 3089 nunc
858 3018 941 3091 nihil
959 3019 1124 3091 obsecras.

54 3131 239 3201 acomMi
257 3130 490 3225 Milphidisce,
505 3155 580 3200 mea
602 3129 829 3214 conmoditas,
846 3154 920 3198 mea
937 3128 1042 3212 salus,

99 3332 167 3383 197.
191 3313 282 3377 Ideni,
292 3314 351 3384 pol,
371 3313 496 3367 Venerem.
525 3313 568 3368 Cl'.
613 3313 664 3366 reti
688 3330 695 3364 :
723 3309 888 3365 «Interdum
915 3312 986 3364 lessae
1007 3312 1127 3368 succedit

55 3394 163 3465 Captiv.
174 3391 274 3458 1V,2‚
291 3395 336 3457 δή.
450 3446 452 3451 ,
613 3392 678 3445 laeva
698 3392 799 3456 sorori,
822 3390 996 3461 Alternatque
1017 3393 1087 3446 vices
1100 3419 1125 3448 ι.

99 3472 283 3526 eductionem
298 3471 530 3548 odilmannum.
569 3512 572 3523 .
613 3471 726 3524 Tertull.
740 3469 1017 3540 deAnima,cap.51:
1036 3472 1125 3535 ecor-

100 3559 127 3615 ιι.
138 3552 176 3604 M.
183 3565 252 3623 part.
266 3556 292 3604 iu
309 3573 349 3604 ore
363 3552 438 3604 labit.
455 3553 569 3605 meatta
612 3569 663 3620 pus
677 3562 703 3603 et
715 3550 803 3602 anima
815 3555 918 3603 sorores
935 3551 1085 3605 substantia
1100 3579 1124 3606 ι.

54 3650 122 3686 cnm
132 3650 180 3684 ore
193 3650 252 3684 meo
262 3645 314 3684 tuoe
326 3651 418 3685 manus
427 3650 570 3685 consueve-
613 3630 742 3683 Gaurus.

53 3723 149 3775 runt,¹
163 3723 195 3763 nt
210 3712 285 3782 quasi
299 3729 330 3766 ea
344 3712 378 3766 sit
393 3711 447 3764 illis
463 3712 569 3764 hahita-
655 3728 698 3762 11.
717 3708 790 3762 Nilu'l
810 3708 929 3761 obsecras.
951 3709 1048 3763 Servus
1066 3730 1124 3765 earn

54 3792 102 3844 tio.
120 3791 157 3842 Ν.
378 3835 381 3839 .
613 3789 817 3843 obtestationem
840 3806 938 3841 vanarn
958 3787 1039 3855 dicit,
1063 3792 1125 3862 quia

97 3889 125 3940 9.
134 3868 247 3922 Sororem
258 3871 351 3924 lavam.
361 3869 462 3941 Lepida
472 3871 568 3941 figura.
613 3869 682 3922 liber
696 3871 836 3939 nunquam
848 3867 1011 3934 sistulum,
1025 3883 1051 3924 et
1062 3888 1125 3941 per·

54 3949 155 4003 Omnia
165 3951 238 4012 enim
251 3950 326 4020 paria
339 3943 471 4003 vocabant
475 3954 568 4018 fratres
612 3961 720 4020 petuam
736 3949 787 4002 sibi
806 3948 962 4001 servitutem
979 3948 1124 4002 ominetur.

52 4041 99 4081 ant
112 4048 214 4082 sorores.
229 4029 345 4083 Martial.
359 4030 377 4082 l.
391 4031 468 4091 XIV,
484 4030 568 4100 epigr.
613 4027 693 4090 Mill,
702 4028 721 4080 i.
732 4046 755 4080 e.
766 4045 822 4080 rem
833 4045 893 4097 quae
900 4027 974 4080 nulla
985 4028 1123 4090 est2Ac1n.

54 4112 137 4173 1482
162 4109 367 4162 lodicesscrom.
385 4111 485 4162 Auctor
500 4108 570 4178 {Mo-
617 4147 621 4152 .
658 4125 701 4159 η.
732 4106 895 4177 Milphidisce.
928 4106 1127 4161 Diminurtvum

131 4208 204 4274 III.
1009 4199 1030 4269 3
