2654 4778
126 332 171 426 42·
203 322 205 335 '
518 295 814 425 ronuunus,

125 464 313 533 Praesertim
328 464 362 531 in
375 488 411 531 re
423 463 540 559 populi
555 464 704 558 placida,
719 479 820 558 atque
838 463 1021 533 intersectis
1034 463 1189 553 hostibus,

124 576 203 644 Non
225 573 318 642 decet
341 573 550 644 tumultuari.
567 575 633 646 Sed
650 577 676 644 si
693 575 896 670 properabas
913 577 1036 669 magis,

126 682 238 751 Pridie
254 707 316 752 nos
334 698 366 751 te
384 684 561 755 advocatos
578 686 646 755 huc
662 686 797 754 duxisse
815 686 976 778 oportuit.

127 793 180 862 Ne
193 806 232 859 tu
246 793 404 886 opinare,
423 794 514 864 haud
530 797 707 890 quisquam
725 794 825 863 hodie
843 810 995 866 nostrum
1009 811 1122 867 curret
1138 822 1191 891 per

277 928 356 975 vias

129 1014 246 1106 Neque
261 1038 323 1082 nos
339 1014 483 1109 populus
498 1042 560 1111 pro
576 1016 690 1086 ceritis
707 1015 885 1084 insectabit
900 1014 1081 1109 lapidibus.
1170 1033 1191 1072 ³⁵

128 1145 237 1192 acon.
252 1127 297 1192 At
311 1125 339 1192 si
348 1125 391 1194 ad
401 1127 580 1220 prandium
592 1152 647 1196 me
662 1128 696 1195 in
712 1126 883 1196 aedemvos
898 1127 1053 1196 dixissem
1064 1126 1192 1209 ducere,

129 1233 317 1303 Vinceretis
335 1261 468 1306 cervom
488 1264 605 1326 cursu,
620 1238 672 1306 vel
690 1237 890 1363 claiptorem
908 1238 1026 1332 gradu.

126 1347 228 1414 Nunc
241 1372 301 1415 vos
319 1350 398 1441 quia
418 1349 499 1417 mihi
514 1349 690 1418 advocatos
707 1349 795 1434 dixi,
813 1363 847 1417 et
865 1348 977 1418 testeis
996 1346 1138 1433 ducere,

128 1455 309 1550 Podagrosi
328 1460 423 1544 estis,
444 1485 483 1528 ac
501 1461 624 1529 vicistis
642 1457 812 1529 cochleam
835 1457 1050 1527 tarditudine.

129 1589 210 1634 snv.
230 1569 284 1634 An
303 1590 381 1634 vero
390 1593 459 1636 non
470 1571 560 1663 justa
570 1569 733 1654 causa’st,
746 1593 814 1662 quo
827 1582 982 1638 curratur
997 1565 1158 1647 celeriter,
1172 1591 1194 1628 ³0

130 1674 200 1742 Ubi
217 1675 331 1761 bibas,
346 1676 423 1747 edas
438 1677 479 1746 de
496 1677 623 1767 alieno,
642 1695 807 1774 quantum
822 1675 904 1748 velis
918 1702 1024 1772 usque
1039 1675 1193 1759 adfatim,

126 1784 233 1874 Quod
248 1801 286 1855 tu
301 1788 424 1857 invitus
441 1814 612 1883 nunquam
633 1791 751 1860 reddas
768 1789 920 1877 domino,
932 1788 972 1856 de
988 1812 1056 1880 quo
1071 1784 1195 1856 ederis?

130 1925 238 1979 Terent.
253 1927 350 1980 Heaut.
363 1927 436 1981 Prol.
449 1928 497 2000 37,
519 1942 546 1983 et
563 1930 643 1981 Lam·
686 1932 716 1984 in
730 1929 813 1985 sedent
827 1928 860 1983 ad
877 1929 986 1982 Coenam
995 1927 1111 1992 veneris,
1121 1938 1191 1979 etc.»

75 2008 80 2023 ⁸
129 2003 202 2075 prid.
211 2006 239 2058 iu
250 2006 340 2060 Seuer.
352 2027 381 2079 p.
393 2011 457 2072 128,
468 2010 501 2074 E,
511 2008 553 2063 ed.
562 2009 643 2063 Salrn.
687 2010 907 2066 terma-uit.
918 2010 973 2073 III,
990 2028 1016 2072 1,
1032 2010 1098 2062 118.

133 2085 643 2160 «cursorem,dixit,nunquamnisiser·
730 2112 775 2163 ²7·
804 2091 957 2145 curatorem
982 2087 1073 2158 gradu.
1097 2084 1195 2140 Omnes

129 2181 210 2230 vum3
228 2165 374 2237 ingenuum
394 2185 517 2235 currere,
539 2169 591 2223 nisi
614 2169 643 2221 in
686 2171 852 2244 grammatici
863 2181 964 2223 veteres
974 2168 1127 2221 citant:·et
1132 2164 1196 2236 gral-

130 2262 205 2298 sacro
217 2246 378 2311 certamine,
390 2265 445 2300 non
461 2247 587 2302 debere».
606 2250 640 2302 N.
685 2252 798 2306 latorem
811 2248 896 2322 gradu
910 2274 935 2300 ι.
954 2245 1007 2303 Sed
1020 2244 1134 2299 minime
1148 2240 1196 2295 du·

115 2349 118 2356 ·
173 2341 217 2379 ιι.
230 2326 259 2379 In
276 2347 303 2378 re
314 2328 400 2397 populi
410 2327 476 2397 plac.
491 2340 542 2402 atq.
556 2331 601 2383 int.
617 2330 642 2381 b.
685 2331 761 2384 bium
788 2344 843 2396 est,
867 2329 933 2401 quin
958 2327 1061 2399 antiqui
1089 2324 1195 2394 alicujus

129 2401 263 2459 Videlicet
295 2407 352 2460 haec
382 2407 472 2461 fabula
505 2407 643 2463 debellatis
686 2410 852 2482 grammatici
876 2409 1146 2480 interpretamentum
1170 2403 1197 2456 in

129 2483 391 2556 Carthaginiensibus
405 2501 461 2542 acta
475 2488 534 2542 fuit.
553 2489 594 2542 Ita
607 2489 645 2541 si·
687 2503 791 2544 textum
804 2489 959 2562 irrepserit,
975 2503 1101 2557 protero
1115 2484 1196 2537 verbo

127 2564 225 2617 ctoriae
233 2578 353 2619 recentes
362 2568 487 2621 Romanis
497 2569 644 2638 gratulatur
687 2570 827 2624 Plautino:
840 2588 903 2622 nam
917 2567 964 2639 qui
976 2567 1121 2618 clavatorem
1130 2563 1197 2636 gral-

128 2656 205 2713 poetu
217 2644 245 2697 in
255 2647 366 2698 Trucul.
380 2647 408 2711 1,
423 2666 449 2713 r,
465 2646 513 2702 55.
530 2648 563 2700 Ν.
686 2650 798 2703 latorem
810 2668 866 2703 esse
879 2660 936 2700 erat
948 2647 1148 2716 interpretatus,
1157 2662 1198 2694 an-

169 2742 215 2776 aa.
242 2726 404 2780 Tumultuarr'.
432 2727 549 2797 Proprie
573 2726 644 2779 dixit
686 2749 741 2783 sam
750 2726 826 2784 dedit
837 2728 900 2782 huic
911 2725 1053 2780 mutationi
1064 2723 1196 2778 faciendae,

129 2803 280 2856 tumultuari.
297 2805 423 2858 Tumultus
434 2807 506 2859 enim
517 2807 592 2877 quasi
603 2818 644 2859 tu·
689 2810 767 2864 Claro
780 2810 862 2879 igitur
878 2805 1064 2860 calobathrum
1076 2803 1119 2857 vel
1129 2802 1196 2875 gral-

128 2901 181 2934 »ιον
197 2884 294 2936 multus.
315 2887 350 2938 Et
369 2884 475 2939 attende
496 2899 583 2957 poetre
599 2905 644 2940 co·
685 2889 724 2952 la,
754 2902 781 2942 et
804 2890 913 2941 clavator
937 2885 1074 2956 grallator.
1104 2883 1196 2935 Postea

128 2960 228 3015 micum
237 2963 398 3029 artificium,
417 2983 497 3036 quam
514 2965 642 3019 dissimu·
686 2970 771 3033 curva,
795 2969 838 3020 vel
860 2967 964 3029 ratleo,
987 2977 1017 3018 ut
1038 2963 1197 3016 recentiores

126 3040 231 3107 lanter,
263 3056 290 3095 et
324 3045 399 3115 quasi
436 3044 510 3097 aliud
545 3065 642 3116 agens,
686 3049 773 3101 Graeci
793 3047 898 3103 dixere,
917 3063 968 3114 pro
989 3043 1087 3113 quovis
1108 3042 1196 3113 ligneo

126 3121 310 3175 Romanorum
320 3125 642 3197 resgestasvictoriasque
685 3129 773 3182 calceo
789 3126 846 3180 dici
863 3137 948 3196 coepta
962 3135 1009 3177 est.
1024 3124 1147 3176 Sanetus.

128 3197 164 3253 de
174 3200 262 3255 Poenis
273 3202 350 3256 victis
363 3205 499 3274 quesitas,
515 3204 559 3257 hic
579 3205 641 3257 atti·
727 3208 771 3261 30.
792 3207 865 3275 Quo,
883 3207 901 3258 i.
916 3223 940 3258 e,
958 3222 1014 3256 cur.
1030 3201 1138 3273 Coptiv.
1154 3200 1195 3262 Il,

127 3281 203 3351 gerit.
221 3284 324 3335 Douza.
458 3320 460 3324 ι
687 3286 714 3354 3,
725 3306 770 3357 70·
782 3317 820 3328 -·
834 3286 917 3339 Causa
931 3304 997 3356 quo,
1013 3295 1044 3335 ut
1059 3300 1128 3334 vers.
1144 3286 1197 3344 44,

170 3363 215 3414 25.
230 3363 282 3414 Pro
300 3366 388 3416 ceritis.
407 3363 641 3434 Ct.Amphit.11,
685 3386 733 3424 rem
746 3365 819 3439 quod.
835 3365 869 3417 N.

130 3458 163 3505 ²5
182 3447 246 3504 144·
726 3448 774 3501 32.
802 3445 878 3514 Quod
896 3455 922 3494 tu
942 3445 1038 3493 irruitur.
1062 3438 1105 3492 Ad
1125 3437 1196 3510 quod

171 3524 217 3574 26.
233 3521 335 3574 AEdem.
353 3521 449 3575 AEdem
470 3523 515 3577 hic
537 3524 641 3594 accipio
683 3523 855 3578 reddendum
876 3522 1001 3584 domino,
1026 3539 1040 3572 a
1062 3538 1117 3590 quo
1139 3519 1197 3589 opi·

71 3662 74 3667 ⁴
126 3616 244 3665 sacram,
261 3618 293 3651 ex
310 3601 483 3672 antiquorum
503 3603 570 3664 ritu,
593 3604 640 3674 qui
683 3624 749 3674 parc
761 3615 886 3675 exceptus
896 3620 933 3665 es,
941 3618 1078 3670 uunquam
1089 3599 1196 3671 cogaris.

123 3678 299 3731 sacrificantes
314 3679 349 3732 ad
367 3684 467 3752 templa
482 3683 640 3736 amicosvo-
683 3683 768 3737 Ludit
793 3684 821 3736 in
846 3682 977 3734 vocabulo
1004 3680 1105 3730 aberras.
1144 3679 1196 3742 Qui

66 3817 70 3822 ,
124 3776 185 3810 care
200 3758 322 3812 solebant
339 3761 522 3816 convivatum.
542 3764 640 3815 Exem-
683 3764 769 3817 aliena
785 3760 883 3814 utenda
898 3761 1016 3830 accepit,
1038 3757 1072 3810 ad
1085 3756 1197 3810 redden-

124 3837 200 3907 plum
220 3851 259 3891 est
279 3839 357 3892 initio
379 3841 450 3894 Rud.
470 3843 505 3895 Et
524 3842 588 3895 alias
611 3843 639 3895 in
683 3842 749 3895 dum
760 3841 983 3912 cogipotest.Qui
993 3857 1056 3890 vero
1065 3836 1100 3890 de
1109 3837 1197 3890 alieno

124 3917 232 3986 templis
254 3919 376 3972 convivia
396 3923 591 3992 agitabantur:
610 3935 640 3976 ut
684 3922 754 3974 bibit
776 3935 802 3974 et
829 3920 900 3983 edit,
925 3920 1010 3972 alienu
1034 3918 1114 3989 plane
1137 3917 1198 3968 lacit

124 4014 208 4066 quum
229 4017 303 4051 coena
326 4002 465 4070 popularis
489 4003 639 4055 celebrare·
683 4021 744 4063 sua,
765 4015 792 4055 et
813 4000 847 4054 ad
866 3997 1034 4053 reddendum
1059 3998 1119 4067 cogi
1143 4015 1196 4048 nou

120 4088 180 4129 tur:
195 4076 228 4130 de
245 4098 296 4150 qua
311 4081 387 4134 Tris.
404 4107 415 4129 ι
473 4081 539 4152 quid
552 4094 580 4133 tu
590 4121 596 4143 ,
608 4082 629 4132 si
677 4093 772 4150 potest.
791 4083 933 4134 Boxuosrr.
