<?xml version="1.0" encoding="UTF-8"?>
<!DOCTYPE html PUBLIC "-//W3C//DTD XHTML 1.0 Transitional//EN"
    "http://www.w3.org/TR/xhtml1/DTD/xhtml1-transitional.dtd">
<html xmlns="http://www.w3.org/1999/xhtml" xml:lang="en" lang="en">
 <head>
  <title>
</title>
<meta http-equiv="Content-Type" content="text/html;charset=utf-8" />
  <meta name='ocr-system' content='tesseract 3.04.00' />
  <meta name='ocr-capabilities' content='ocr_page ocr_carea ocr_par ocr_line ocrx_word'/>
</head>
<body>
  <div class='ocr_page' id='page_1' title='image "bibliothecaclas17lemagoog_0067.png"; bbox 0 0 2654 4778; ppageno 0'>
   <div class='ocr_carea' id='block_1_1' title="bbox 136 336 813 424">
    <p class='ocr_par' dir='ltr' id='par_1_1' title="bbox 136 336 813 424">
     <span class='ocr_line' id='line_1_1' title="bbox 136 336 813 424; baseline -0.004 -15"><span class='ocrx_word' id='word_1_1' title='bbox 136 336 181 424; x_wconf 71' lang='lat'>54</span> <span class='ocrx_word' id='word_1_2' title='bbox 518 339 813 422; x_wconf 72' lang='lat' dir='ltr'><strong>POENULUS,</strong></span> 
     </span>
    </p>
   </div>
   <div class='ocr_carea' id='block_1_2' title="bbox 27 456 1201 1963">
    <p class='ocr_par' dir='ltr' id='par_1_2' title="bbox 131 456 1079 556">
     <span class='ocr_line' id='line_1_2' title="bbox 131 456 1079 556; baseline -0.006 -24"><span class='ocrx_word' id='word_1_3' title='bbox 131 484 206 532; x_wconf 77' lang='lat' dir='ltr'>utto.</span> <span class='ocrx_word' id='word_1_4' title='bbox 227 458 375 556; x_wconf 83' lang='lat' dir='ltr'>Edepol,</span> <span class='ocrx_word' id='word_1_5' title='bbox 394 485 447 528; x_wconf 80' lang='lat' dir='ltr'>nae</span> <span class='ocrx_word' id='word_1_6' title='bbox 462 460 522 528; x_wconf 90' lang='lat' dir='ltr'>tibi</span> <span class='ocrx_word' id='word_1_7' title='bbox 540 485 674 554; x_wconf 84' lang='lat' dir='ltr'>possum</span> <span class='ocrx_word' id='word_1_8' title='bbox 695 459 789 528; x_wconf 93' lang='lat' dir='ltr'>illum</span> <span class='ocrx_word' id='word_1_9' title='bbox 809 458 963 528; x_wconf 86' lang='lat' dir='ltr'>festivom</span> <span class='ocrx_word' id='word_1_10' title='bbox 982 456 1079 543; x_wconf 83' lang='lat' dir='ltr'>dare,</span> 
     </span>
    </p>

    <p class='ocr_par' dir='ltr' id='par_1_3' title="bbox 134 569 966 666">
     <span class='ocr_line' id='line_1_3' title="bbox 134 569 966 666; baseline -0.005 -23"><span class='ocrx_word' id='word_1_11' title='bbox 134 571 306 666; x_wconf 89' lang='lat' dir='ltr'><strong>Siquidem</strong></span> <span class='ocrx_word' id='word_1_12' title='bbox 325 585 418 665; x_wconf 88' lang='lat' dir='ltr'>potes</span> <span class='ocrx_word' id='word_1_13' title='bbox 436 595 506 640; x_wconf 86' lang='lat' dir='ltr'>esse</span> <span class='ocrx_word' id='word_1_14' title='bbox 524 572 592 666; x_wconf 91' lang='lat' dir='ltr'>pati</span> <span class='ocrx_word' id='word_1_15' title='bbox 612 585 662 657; x_wconf 89' lang='lat' dir='ltr'>te,</span> <span class='ocrx_word' id='word_1_16' title='bbox 688 572 723 639; x_wconf 94' lang='lat' dir='ltr'>in</span> <span class='ocrx_word' id='word_1_17' title='bbox 742 570 853 665; x_wconf 90' lang='lat' dir='ltr'>lepido</span> <span class='ocrx_word' id='word_1_18' title='bbox 875 569 966 656; x_wconf 81' lang='lat' dir='ltr'>loco,</span> 
     </span>
    </p>

    <p class='ocr_par' dir='ltr' id='par_1_4' title="bbox 132 680 907 776">
     <span class='ocr_line' id='line_1_4' title="bbox 132 680 907 776; baseline -0.005 -24"><span class='ocrx_word' id='word_1_19' title='bbox 132 686 172 752; x_wconf 89' lang='lat' dir='ltr'>In</span> <span class='ocrx_word' id='word_1_20' title='bbox 195 682 281 752; x_wconf 90' lang='lat' dir='ltr'>lecto</span> <span class='ocrx_word' id='word_1_21' title='bbox 298 681 406 776; x_wconf 91' lang='lat' dir='ltr'>lepide</span> <span class='ocrx_word' id='word_1_22' title='bbox 424 696 545 768; x_wconf 89' lang='lat' dir='ltr'>strato,</span> <span class='ocrx_word' id='word_1_23' title='bbox 565 681 710 776; x_wconf 90' lang='lat' dir='ltr'>lepidam</span> <span class='ocrx_word' id='word_1_24' title='bbox 734 680 907 750; x_wconf 90' lang='lat' dir='ltr'>mulierem</span> 
     </span>
    </p>

    <p class='ocr_par' dir='ltr' id='par_1_5' title="bbox 132 788 1201 888">
     <span class='ocr_line' id='line_1_5' title="bbox 132 788 1201 888; baseline -0.008 -24"><span class='ocrx_word' id='word_1_25' title='bbox 132 792 342 888; x_wconf 80' lang='lat' dir='ltr'>Conplexum</span> <span class='ocrx_word' id='word_1_26' title='bbox 365 807 570 860; x_wconf 89' lang='lat' dir='ltr'>contrectare</span> <span class='ocrx_word' id='word_1_27' title='bbox 590 808 633 860; x_wconf 91' lang='lat' dir='ltr'>te.</span> <span class='ocrx_word' id='word_1_28' title='bbox 655 815 755 862; x_wconf 73' lang='lat' dir='ltr'>cont.</span> <span class='ocrx_word' id='word_1_29' title='bbox 773 795 827 874; x_wconf 86' lang='lat' dir='ltr'>ls,</span> <span class='ocrx_word' id='word_1_30' title='bbox 849 790 948 876; x_wconf 87' lang='lat' dir='ltr'>leno,</span> <span class='ocrx_word' id='word_1_31' title='bbox 967 788 1065 857; x_wconf 87' lang='lat' dir='ltr'>viam.</span> <span class='ocrx_word' id='word_1_32' title='bbox 1175 805 1201 845; x_wconf 78' lang='lat'>⁸⁵</span> 
     </span>
    </p>

    <p class='ocr_par' dir='ltr' id='par_1_6' title="bbox 130 901 989 989">
     <span class='ocr_line' id='line_1_6' title="bbox 130 901 989 989; baseline -0.007 -15"><span class='ocrx_word' id='word_1_33' title='bbox 130 927 210 974; x_wconf 76' lang='lat' dir='ltr'>nro.</span> <span class='ocrx_word' id='word_1_34' title='bbox 230 904 299 972; x_wconf 92' lang='lat' dir='ltr'>Ubi</span> <span class='ocrx_word' id='word_1_35' title='bbox 317 918 353 970; x_wconf 93' lang='lat' dir='ltr'>tu</span> <span class='ocrx_word' id='word_1_36' title='bbox 373 901 560 985; x_wconf 81' lang='lat' dir='ltr'>Leucadio,</span> <span class='ocrx_word' id='word_1_37' title='bbox 578 902 716 988; x_wconf 88' lang='lat' dir='ltr'>Lesbio,</span> <span class='ocrx_word' id='word_1_38' title='bbox 730 901 874 989; x_wconf 88' lang='lat' dir='ltr'>Thasio,</span> <span class='ocrx_word' id='word_1_39' title='bbox 898 903 989 986; x_wconf 87' lang='lat' dir='ltr'>Coo,</span> 
     </span>
    </p>

    <p class='ocr_par' dir='ltr' id='par_1_7' title="bbox 127 1010 887 1106">
     <span class='ocr_line' id='line_1_7' title="bbox 127 1010 887 1106; baseline -0.007 -21"><span class='ocrx_word' id='word_1_40' title='bbox 127 1019 301 1085; x_wconf 81' lang='lat' dir='ltr'><strong>Vetustate</strong></span> <span class='ocrx_word' id='word_1_41' title='bbox 321 1013 400 1080; x_wconf 90' lang='lat' dir='ltr'>vino</span> <span class='ocrx_word' id='word_1_42' title='bbox 422 1010 579 1082; x_wconf 84' lang='lat' dir='ltr'>edentulo</span> <span class='ocrx_word' id='word_1_43' title='bbox 598 1027 728 1081; x_wconf 83' lang='lat' dir='ltr'>aetatem</span> <span class='ocrx_word' id='word_1_44' title='bbox 750 1011 887 1106; x_wconf 89' lang='lat' dir='ltr'>inriges.</span> 
     </span>
    </p>

    <p class='ocr_par' dir='ltr' id='par_1_8' title="bbox 27 1121 976 1217">
     <span class='ocr_line' id='line_1_8' title="bbox 27 1121 976 1217; baseline 0 -29"><span class='ocrx_word' id='word_1_45' title='bbox 27 1175 28 1188; x_wconf 67' lang='grc'>,</span> <span class='ocrx_word' id='word_1_46' title='bbox 128 1125 179 1195; x_wconf 92' lang='lat' dir='ltr'>lbi</span> <span class='ocrx_word' id='word_1_47' title='bbox 199 1139 232 1193; x_wconf 90' lang='lat' dir='ltr'>te</span> <span class='ocrx_word' id='word_1_48' title='bbox 249 1121 384 1217; x_wconf 81' lang='lat' dir='ltr'>replebo</span> <span class='ocrx_word' id='word_1_49' title='bbox 402 1147 508 1217; x_wconf 84' lang='lat' dir='ltr'>usque</span> <span class='ocrx_word' id='word_1_50' title='bbox 529 1137 740 1216; x_wconf 84' lang='lat' dir='ltr'>unguentum</span> <span class='ocrx_word' id='word_1_51' title='bbox 760 1121 976 1191; x_wconf 89' lang='lat' dir='ltr'>echeumatis.</span> 
     </span>
    </p>

    <p class='ocr_par' dir='ltr' id='par_1_9' title="bbox 127 1231 1164 1322">
     <span class='ocr_line' id='line_1_9' title="bbox 127 1231 1164 1322; baseline -0.004 -19"><span class='ocrx_word' id='word_1_52' title='bbox 127 1233 221 1322; x_wconf 88' lang='lat' dir='ltr'>Quid</span> <span class='ocrx_word' id='word_1_53' title='bbox 238 1233 344 1301; x_wconf 85' lang='lat' dir='ltr'>multa</span> <span class='ocrx_word' id='word_1_54' title='bbox 366 1231 489 1301; x_wconf 78' lang='lat' dir='ltr'>verba?</span> <span class='ocrx_word' id='word_1_55' title='bbox 508 1231 644 1319; x_wconf 86' lang='lat' dir='ltr'>faciam,</span> <span class='ocrx_word' id='word_1_56' title='bbox 662 1233 720 1301; x_wconf 92' lang='lat' dir='ltr'>ubi</span> <span class='ocrx_word' id='word_1_57' title='bbox 738 1247 775 1302; x_wconf 93' lang='lat' dir='ltr'>tu</span> <span class='ocrx_word' id='word_1_58' title='bbox 795 1231 932 1319; x_wconf 80' lang='lat' dir='ltr'>laveris,</span> <span class='ocrx_word' id='word_1_59' title='bbox 1163 1309 1164 1313; x_wconf 7' lang='grc' dir='ltr'><strong>Ἰ</strong></span> 
     </span>
    </p>

    <p class='ocr_par' dir='ltr' id='par_1_10' title="bbox 127 1341 1197 1437">
     <span class='ocr_line' id='line_1_10' title="bbox 127 1341 1197 1437; baseline -0.003 -24"><span class='ocrx_word' id='word_1_60' title='bbox 127 1345 180 1415; x_wconf 90' lang='lat' dir='ltr'>Ibi</span> <span class='ocrx_word' id='word_1_61' title='bbox 198 1357 236 1411; x_wconf 95' lang='lat' dir='ltr'>ut</span> <span class='ocrx_word' id='word_1_62' title='bbox 253 1341 426 1411; x_wconf 77' lang='lat' dir='ltr'>balneator</span> <span class='ocrx_word' id='word_1_63' title='bbox 442 1342 541 1411; x_wconf 80' lang='lat' dir='ltr'>faciat</span> <span class='ocrx_word' id='word_1_64' title='bbox 562 1345 829 1437; x_wconf 83' lang='lat' dir='ltr'>unguentariam.</span> <span class='ocrx_word' id='word_1_65' title='bbox 1174 1373 1197 1410; x_wconf 77' lang='lat' dir='ltr'>m</span> 
     </span>
    </p>

    <p class='ocr_par' dir='ltr' id='par_1_11' title="bbox 128 1453 950 1547">
     <span class='ocr_line' id='line_1_11' title="bbox 128 1453 950 1547; baseline -0.006 -21"><span class='ocrx_word' id='word_1_66' title='bbox 128 1453 194 1526; x_wconf 85' lang='lat' dir='ltr'>sed</span> <span class='ocrx_word' id='word_1_67' title='bbox 215 1454 286 1522; x_wconf 85' lang='lat' dir='ltr'>haec</span> <span class='ocrx_word' id='word_1_68' title='bbox 303 1453 547 1522; x_wconf 80' lang='lat' dir='ltr'>latrocinantur</span> <span class='ocrx_word' id='word_1_69' title='bbox 562 1477 637 1547; x_wconf 82' lang='lat' dir='ltr'>quae</span> <span class='ocrx_word' id='word_1_70' title='bbox 654 1477 717 1547; x_wconf 91' lang='lat' dir='ltr'>ego</span> <span class='ocrx_word' id='word_1_71' title='bbox 738 1453 807 1521; x_wconf 78' lang='lat' dir='ltr'>dixi</span> <span class='ocrx_word' id='word_1_72' title='bbox 826 1453 950 1521; x_wconf 83' lang='lat' dir='ltr'>omnia.</span> 
     </span>
    </p>

    <p class='ocr_par' dir='ltr' id='par_1_12' title="bbox 128 1559 1198 1659">
     <span class='ocr_line' id='line_1_12' title="bbox 128 1559 1198 1659; baseline -0.008 -24"><span class='ocrx_word' id='word_1_73' title='bbox 128 1589 228 1635; x_wconf 79' lang='lat' dir='ltr'>com.</span> <span class='ocrx_word' id='word_1_74' title='bbox 243 1562 338 1652; x_wconf 90' lang='lat' dir='ltr'>Quid</span> <span class='ocrx_word' id='word_1_75' title='bbox 356 1564 401 1631; x_wconf 91' lang='lat' dir='ltr'>ita</span> <span class='ocrx_word' id='word_1_76' title='bbox 412 1563 427 1632; x_wconf 71' lang='grc' dir='ltr'><strong><em>Ρ</em></strong></span> <span class='ocrx_word' id='word_1_77' title='bbox 438 1587 519 1634; x_wconf 72' lang='lat' dir='ltr'>irc.</span> <span class='ocrx_word' id='word_1_78' title='bbox 534 1565 623 1652; x_wconf 87' lang='lat' dir='ltr'>Quia</span> <span class='ocrx_word' id='word_1_79' title='bbox 640 1589 760 1632; x_wconf 90' lang='lat' dir='ltr'>aurum</span> <span class='ocrx_word' id='word_1_80' title='bbox 775 1576 919 1659; x_wconf 85' lang='lat' dir='ltr'>poscunt</span> <span class='ocrx_word' id='word_1_81' title='bbox 935 1559 1198 1656; x_wconf 83' lang='lat' dir='ltr'>praesentarium.</span> 
     </span>
    </p>

    <p class='ocr_par' dir='ltr' id='par_1_13' title="bbox 126 1670 1196 1768">
     <span class='ocr_line' id='line_1_13' title="bbox 126 1670 1196 1768; baseline -0.007 -23"><span class='ocrx_word' id='word_1_82' title='bbox 126 1698 224 1745; x_wconf 74' lang='lat' dir='ltr'>conc.</span> <span class='ocrx_word' id='word_1_83' title='bbox 237 1674 345 1761; x_wconf 84' lang='lat' dir='ltr'>Quin,</span> <span class='ocrx_word' id='word_1_84' title='bbox 358 1671 482 1761; x_wconf 84' lang='lat' dir='ltr'>hercle,</span> <span class='ocrx_word' id='word_1_85' title='bbox 496 1673 648 1768; x_wconf 78' lang='lat' dir='ltr'>adripere</span> <span class='ocrx_word' id='word_1_86' title='bbox 664 1673 702 1742; x_wconf 86' lang='lat' dir='ltr'>tu</span> <span class='ocrx_word' id='word_1_87' title='bbox 711 1684 780 1741; x_wconf 85' lang='lat' dir='ltr'>non</span> <span class='ocrx_word' id='word_1_88' title='bbox 790 1675 906 1759; x_wconf 87' lang='lat' dir='ltr'>mavis,</span> <span class='ocrx_word' id='word_1_89' title='bbox 921 1697 1022 1766; x_wconf 92' lang='lat' dir='ltr'>quam</span> <span class='ocrx_word' id='word_1_90' title='bbox 1035 1696 1098 1765; x_wconf 87' lang='lat' dir='ltr'>ego</span> <span class='ocrx_word' id='word_1_91' title='bbox 1111 1670 1196 1739; x_wconf 85' lang='lat' dir='ltr'>dare.</span> 
     </span>
    </p>

    <p class='ocr_par' dir='ltr' id='par_1_14' title="bbox 127 1782 1196 1963">
     <span class='ocr_line' id='line_1_14' title="bbox 127 1782 1196 1877; baseline -0.007 -23"><span class='ocrx_word' id='word_1_92' title='bbox 127 1803 205 1855; x_wconf 76' lang='lat' dir='ltr'>uro.</span> <span class='ocrx_word' id='word_1_93' title='bbox 224 1783 318 1874; x_wconf 90' lang='lat' dir='ltr'>Quin</span> <span class='ocrx_word' id='word_1_94' title='bbox 336 1807 545 1877; x_wconf 86' lang='lat' dir='ltr'>sequererne</span> <span class='ocrx_word' id='word_1_95' title='bbox 564 1785 663 1853; x_wconf 88' lang='lat' dir='ltr'>intro.</span> <span class='ocrx_word' id='word_1_96' title='bbox 685 1808 785 1854; x_wconf 77' lang='lat' dir='ltr'>com.</span> <span class='ocrx_word' id='word_1_97' title='bbox 812 1787 889 1853; x_wconf 91' lang='lat' dir='ltr'>Duc</span> <span class='ocrx_word' id='word_1_98' title='bbox 912 1806 992 1877; x_wconf 91' lang='lat' dir='ltr'>ergo</span> <span class='ocrx_word' id='word_1_99' title='bbox 1012 1806 1067 1850; x_wconf 91' lang='lat' dir='ltr'>me</span> <span class='ocrx_word' id='word_1_100' title='bbox 1090 1782 1196 1866; x_wconf 85' lang='lat' dir='ltr'>intro,</span> 
     </span>
     <span class='ocr_line' id='line_1_15' title="bbox 275 1892 574 1963; baseline 0.01 -3"><span class='ocrx_word' id='word_1_101' title='bbox 275 1892 446 1962; x_wconf 90' lang='lat' dir='ltr'>addictum</span> <span class='ocrx_word' id='word_1_102' title='bbox 469 1910 574 1963; x_wconf 83' lang='lat' dir='ltr'>tenes.</span> 
     </span>
    </p>
   </div>
   <div class='ocr_carea' id='block_1_3' title="bbox 126 2097 1201 2420">
    <p class='ocr_par' dir='ltr' id='par_1_15' title="bbox 126 2097 1201 2420">
     <span class='ocr_line' id='line_1_16' title="bbox 127 2097 1201 2170; baseline 0.001 -20"><span class='ocrx_word' id='word_1_103' title='bbox 127 2097 275 2170; x_wconf 77' lang='lat' dir='ltr'>praecipui,</span> <span class='ocrx_word' id='word_1_104' title='bbox 291 2109 400 2150; x_wconf 86' lang='lat' dir='ltr'>auctore</span> <span class='ocrx_word' id='word_1_105' title='bbox 416 2098 538 2164; x_wconf 86' lang='lat' dir='ltr'>Polluce,</span> <span class='ocrx_word' id='word_1_106' title='bbox 553 2101 595 2164; x_wconf 86' lang='grc' dir='ltr'>Π,</span> <span class='ocrx_word' id='word_1_107' title='bbox 611 2118 639 2169; x_wconf 89' lang='lat'>7,</span> <span class='ocrx_word' id='word_1_108' title='bbox 685 2098 796 2164; x_wconf 84' lang='lat' dir='ltr'>faciam,</span> <span class='ocrx_word' id='word_1_109' title='bbox 811 2112 842 2152; x_wconf 92' lang='lat' dir='ltr'>ut</span> <span class='ocrx_word' id='word_1_110' title='bbox 861 2117 917 2152; x_wconf 90' lang='lat' dir='ltr'>uon</span> <span class='ocrx_word' id='word_1_111' title='bbox 939 2098 1065 2152; x_wconf 88' lang='lat' dir='ltr'>balneum</span> <span class='ocrx_word' id='word_1_112' title='bbox 1085 2114 1201 2163; x_wconf 71' lang='lat' dir='ltr'>veruta,</span> 
     </span>
     <span class='ocr_line' id='line_1_17' title="bbox 127 2173 1199 2250; baseline -0.001 -19"><span class='ocrx_word' id='word_1_113' title='bbox 127 2180 257 2232; x_wconf 67' lang='grc' dir='ltr'><strong>ἐκαλοῦντο</strong></span> <span class='ocrx_word' id='word_1_114' title='bbox 276 2173 307 2230; x_wconf 70' lang='lat' dir='ltr'>di</span> <span class='ocrx_word' id='word_1_115' title='bbox 319 2197 382 2238; x_wconf 78' lang='grc' dir='ltr'>τινες</span> <span class='ocrx_word' id='word_1_116' title='bbox 398 2173 452 2230; x_wconf 77' lang='grc' dir='ltr'>ὦτα</span> <span class='ocrx_word' id='word_1_117' title='bbox 468 2178 509 2231; x_wconf 71' lang='grc' dir='ltr'>καὶ</span> <span class='ocrx_word' id='word_1_118' title='bbox 523 2179 640 2250; x_wconf 69' lang='grc' dir='ltr'>ὀφθαλμοὶ</span> <span class='ocrx_word' id='word_1_119' title='bbox 685 2178 856 2250; x_wconf 84' lang='lat' dir='ltr'>unguentarii</span> <span class='ocrx_word' id='word_1_120' title='bbox 875 2178 982 2230; x_wconf 81' lang='lat' dir='ltr'>officina</span> <span class='ocrx_word' id='word_1_121' title='bbox 1004 2177 1097 2249; x_wconf 81' lang='lat' dir='ltr'>potius</span> <span class='ocrx_word' id='word_1_122' title='bbox 1116 2175 1199 2230; x_wconf 82' lang='lat' dir='ltr'>videri</span> 
     </span>
     <span class='ocr_line' id='line_1_18' title="bbox 126 2256 1200 2330; baseline -0.001 -19"><span class='ocrx_word' id='word_1_123' title='bbox 126 2260 265 2323; x_wconf 76' lang='grc' dir='ltr'><strong>Βασιλέως,</strong></span> <span class='ocrx_word' id='word_1_124' title='bbox 287 2271 314 2310; x_wconf 88' lang='lat' dir='ltr'>et</span> <span class='ocrx_word' id='word_1_125' title='bbox 332 2258 464 2328; x_wconf 78' lang='lat' dir='ltr'>Apuleio,</span> <span class='ocrx_word' id='word_1_126' title='bbox 485 2284 496 2306; x_wconf 76' lang='grc' dir='ltr'>ι</span> <span class='ocrx_word' id='word_1_127' title='bbox 511 2260 581 2313; x_wconf 88' lang='lat' dir='ltr'>inter</span> <span class='ocrx_word' id='word_1_128' title='bbox 595 2277 640 2313; x_wconf 80' lang='lat' dir='ltr'>eos</span> <span class='ocrx_word' id='word_1_129' title='bbox 685 2259 778 2330; x_wconf 69' lang='lat' dir='ltr'>possit.</span> <span class='ocrx_word' id='word_1_130' title='bbox 790 2259 825 2310; x_wconf 79' lang='lat' dir='ltr'>ttt</span> <span class='ocrx_word' id='word_1_131' title='bbox 836 2259 953 2315; x_wconf 70' lang='grc' dir='ltr'>ἀποκοπὴ</span> <span class='ocrx_word' id='word_1_132' title='bbox 964 2257 1095 2310; x_wconf 72' lang='lat' dir='ltr'>sermonis</span> <span class='ocrx_word' id='word_1_133' title='bbox 1107 2256 1200 2310; x_wconf 79' lang='lat' dir='ltr'>usitata</span> 
     </span>
     <span class='ocr_line' id='line_1_19' title="bbox 128 2327 1199 2420; baseline -0.002 -30"><span class='ocrx_word' id='word_1_134' title='bbox 128 2327 288 2420; x_wconf 74' lang='lat' dir='ltr'>(Persarum</span> <span class='ocrx_word' id='word_1_135' title='bbox 303 2337 372 2407; x_wconf 84' lang='lat' dir='ltr'>regis</span> <span class='ocrx_word' id='word_1_136' title='bbox 395 2329 541 2408; x_wconf 69' lang='lat' dir='ltr'>ministros)</span> <span class='ocrx_word' id='word_1_137' title='bbox 564 2358 641 2393; x_wconf 84' lang='lat' dir='ltr'>aures</span> <span class='ocrx_word' id='word_1_138' title='bbox 686 2352 733 2392; x_wconf 87' lang='lat' dir='ltr'>est.</span> <span class='ocrx_word' id='word_1_139' title='bbox 751 2365 763 2387; x_wconf 75' lang='grc' dir='ltr'>ι</span> <span class='ocrx_word' id='word_1_140' title='bbox 776 2337 851 2404; x_wconf 89' lang='lat' dir='ltr'>Quid</span> <span class='ocrx_word' id='word_1_141' title='bbox 866 2338 948 2390; x_wconf 88' lang='lat' dir='ltr'>multa</span> <span class='ocrx_word' id='word_1_142' title='bbox 963 2338 1044 2391; x_wconf 84' lang='lat' dir='ltr'>rerba</span> <span class='ocrx_word' id='word_1_143' title='bbox 1054 2341 1065 2387; x_wconf 72' lang='grc' dir='ltr'><strong>Ρ</strong></span> <span class='ocrx_word' id='word_1_144' title='bbox 1075 2361 1086 2383; x_wconf 82' lang='grc' dir='ltr'>ι</span> <span class='ocrx_word' id='word_1_145' title='bbox 1101 2337 1199 2401; x_wconf 86' lang='lat' dir='ltr'>Porro,</span> 
     </span>
    </p>
   </div>
   <div class='ocr_carea' id='block_1_4' title="bbox 118 2416 1202 4162">
    <p class='ocr_par' dir='ltr' id='par_1_16' title="bbox 118 2416 1202 4162">
     <span class='ocr_line' id='line_1_20' title="bbox 126 2416 1199 2492; baseline -0.002 -22"><span class='ocrx_word' id='word_1_146' title='bbox 126 2417 205 2488; x_wconf 77' lang='lat' dir='ltr'>regite</span> <span class='ocrx_word' id='word_1_147' title='bbox 219 2431 245 2471; x_wconf 90' lang='lat' dir='ltr'>et</span> <span class='ocrx_word' id='word_1_148' title='bbox 259 2417 427 2487; x_wconf 86' lang='lat' dir='ltr'>imperatoris</span> <span class='ocrx_word' id='word_1_149' title='bbox 442 2419 514 2471; x_wconf 79' lang='lat' dir='ltr'>oculi</span> <span class='ocrx_word' id='word_1_150' title='bbox 530 2419 639 2492; x_wconf 88' lang='lat' dir='ltr'>quidam</span> <span class='ocrx_word' id='word_1_151' title='bbox 680 2421 766 2486; x_wconf 76' lang='lat' dir='ltr'>facem</span> <span class='ocrx_word' id='word_1_152' title='bbox 787 2421 987 2488; x_wconf 79' lang='lat' dir='ltr'>unguentariam,</span> <span class='ocrx_word' id='word_1_153' title='bbox 1013 2435 1042 2469; x_wconf 90' lang='lat' dir='ltr'>ea</span> <span class='ocrx_word' id='word_1_154' title='bbox 1063 2416 1121 2486; x_wconf 83' lang='lat' dir='ltr'>ipsa</span> <span class='ocrx_word' id='word_1_155' title='bbox 1144 2416 1199 2485; x_wconf 79' lang='lat' dir='ltr'>lege</span> 
     </span>
     <span class='ocr_line' id='line_1_21' title="bbox 125 2495 1200 2569; baseline -0.002 -21"><span class='ocrx_word' id='word_1_156' title='bbox 125 2495 250 2550; x_wconf 78' lang='lat' dir='ltr'>hominen</span> <span class='ocrx_word' id='word_1_157' title='bbox 261 2496 425 2551; x_wconf 85' lang='lat' dir='ltr'>vocabantur</span> <span class='ocrx_word' id='word_1_158' title='bbox 435 2523 459 2551; x_wconf 74' lang='grc' dir='ltr'>ι.</span> <span class='ocrx_word' id='word_1_159' title='bbox 471 2498 506 2552; x_wconf 87' lang='lat' dir='ltr'>N.</span> <span class='ocrx_word' id='word_1_160' title='bbox 685 2498 806 2560; x_wconf 83' lang='lat' dir='ltr'>dictum,</span> <span class='ocrx_word' id='word_1_161' title='bbox 820 2517 871 2569; x_wconf 89' lang='lat' dir='ltr'>qua</span> <span class='ocrx_word' id='word_1_162' title='bbox 887 2511 913 2551; x_wconf 90' lang='lat' dir='ltr'>et</span> <span class='ocrx_word' id='word_1_163' title='bbox 929 2499 1108 2566; x_wconf 78' lang='lat' dir='ltr'>argentarium,</span> <span class='ocrx_word' id='word_1_164' title='bbox 1130 2507 1200 2565; x_wconf 78' lang='lat' dir='ltr'>topa-</span> 
     </span>
     <span class='ocr_line' id='line_1_22' title="bbox 170 2576 1200 2650; baseline -0.004 -20"><span class='ocrx_word' id='word_1_165' title='bbox 170 2576 218 2630; x_wconf 82' lang='lat'>85.</span> <span class='ocrx_word' id='word_1_166' title='bbox 235 2577 262 2628; x_wconf 83' lang='lat' dir='ltr'>Is</span> <span class='ocrx_word' id='word_1_167' title='bbox 276 2579 353 2630; x_wconf 75' lang='lat' dir='ltr'>mum.</span> <span class='ocrx_word' id='word_1_168' title='bbox 368 2578 468 2650; x_wconf 75' lang='lat' dir='ltr'>Amph.</span> <span class='ocrx_word' id='word_1_169' title='bbox 485 2579 509 2644; x_wconf 89' lang='lat' dir='ltr'>I,</span> <span class='ocrx_word' id='word_1_170' title='bbox 531 2597 556 2643; x_wconf 91' lang='lat'>1,</span> <span class='ocrx_word' id='word_1_171' title='bbox 574 2579 641 2649; x_wconf 78' lang='lat'>273,</span> <span class='ocrx_word' id='word_1_172' title='bbox 686 2583 761 2643; x_wconf 87' lang='lat' dir='ltr'>rium,</span> <span class='ocrx_word' id='word_1_173' title='bbox 776 2579 937 2643; x_wconf 72' lang='lat' dir='ltr'>aeliotarum,</span> <span class='ocrx_word' id='word_1_174' title='bbox 952 2577 1093 2628; x_wconf 83' lang='lat' dir='ltr'>medicinam</span> <span class='ocrx_word' id='word_1_175' title='bbox 1099 2576 1200 2642; x_wconf 81' lang='lat' dir='ltr'>facere,</span> 
     </span>
     <span class='ocr_line' id='line_1_23' title="bbox 128 2647 1200 2728; baseline 0 -21"><span class='ocrx_word' id='word_1_176' title='bbox 128 2667 155 2708; x_wconf 75' lang='lat' dir='ltr'>et</span> <span class='ocrx_word' id='word_1_177' title='bbox 172 2654 244 2709; x_wconf 70' lang='lat' dir='ltr'>bein.</span> <span class='ocrx_word' id='word_1_178' title='bbox 256 2657 279 2720; x_wconf 88' lang='lat' dir='ltr'>I,</span> <span class='ocrx_word' id='word_1_179' title='bbox 294 2673 319 2720; x_wconf 83' lang='lat' dir='ltr'>t,</span> <span class='ocrx_word' id='word_1_180' title='bbox 335 2657 381 2725; x_wconf 85' lang='grc'>39.</span> <span class='ocrx_word' id='word_1_181' title='bbox 687 2671 713 2711; x_wconf 92' lang='lat' dir='ltr'>et</span> <span class='ocrx_word' id='word_1_182' title='bbox 722 2659 854 2728; x_wconf 81' lang='lat' dir='ltr'>pullarium</span> <span class='ocrx_word' id='word_1_183' title='bbox 863 2677 873 2710; x_wconf 89' lang='lat'>.·</span> <span class='ocrx_word' id='word_1_184' title='bbox 887 2656 1004 2728; x_wconf 87' lang='lat' dir='ltr'>denique</span> <span class='ocrx_word' id='word_1_185' title='bbox 1017 2668 1045 2710; x_wconf 89' lang='lat' dir='ltr'>et</span> <span class='ocrx_word' id='word_1_186' title='bbox 1055 2647 1200 2709; x_wconf 73' lang='lat' dir='ltr'>scruturibm</span> 
     </span>
     <span class='ocr_line' id='line_1_24' title="bbox 170 2735 1066 2811; baseline 0 -23"><span class='ocrx_word' id='word_1_187' title='bbox 170 2737 217 2788; x_wconf 83' lang='lat'>86.</span> <span class='ocrx_word' id='word_1_188' title='bbox 233 2735 282 2788; x_wconf 79' lang='lat' dir='ltr'>Ubi</span> <span class='ocrx_word' id='word_1_189' title='bbox 295 2747 338 2800; x_wconf 84' lang='lat' dir='ltr'>tu,</span> <span class='ocrx_word' id='word_1_190' title='bbox 354 2748 404 2790; x_wconf 89' lang='lat' dir='ltr'>etc.</span> <span class='ocrx_word' id='word_1_191' title='bbox 416 2737 479 2789; x_wconf 75' lang='lat' dir='ltr'>Haec</span> <span class='ocrx_word' id='word_1_192' title='bbox 490 2735 641 2808; x_wconf 79' lang='lat' dir='ltr'>pendente</span> <span class='ocrx_word' id='word_1_193' title='bbox 686 2737 850 2791; x_wconf 83' lang='lat' dir='ltr'>dictitabant.</span> <span class='ocrx_word' id='word_1_194' title='bbox 863 2739 966 2790; x_wconf 78' lang='lat' dir='ltr'>Donza.</span> <span class='ocrx_word' id='word_1_195' title='bbox 1063 2807 1066 2811; x_wconf 88' lang='lat'>.</span> 
     </span>
     <span class='ocr_line' id='line_1_25' title="bbox 127 2814 1199 2888; baseline -0.002 -21"><span class='ocrx_word' id='word_1_196' title='bbox 127 2830 168 2867; x_wconf 74' lang='lat' dir='ltr'>va.</span> <span class='ocrx_word' id='word_1_197' title='bbox 187 2814 234 2880; x_wconf 82' lang='lat'>83,</span> <span class='ocrx_word' id='word_1_198' title='bbox 248 2818 274 2867; x_wconf 86' lang='lat' dir='ltr'>in</span> <span class='ocrx_word' id='word_1_199' title='bbox 289 2816 369 2886; x_wconf 81' lang='lat' dir='ltr'>lepido</span> <span class='ocrx_word' id='word_1_200' title='bbox 384 2817 446 2869; x_wconf 84' lang='lat' dir='ltr'>loco.</span> <span class='ocrx_word' id='word_1_201' title='bbox 729 2836 777 2886; x_wconf 86' lang='lat'>91.</span> <span class='ocrx_word' id='word_1_202' title='bbox 803 2819 998 2888; x_wconf 80' lang='lat' dir='ltr'>Latrocinantur·</span> <span class='ocrx_word' id='word_1_203' title='bbox 1032 2814 1199 2868; x_wconf 84' lang='lat' dir='ltr'>Latrocinari</span> 
     </span>
     <span class='ocr_line' id='line_1_26' title="bbox 172 2893 1200 2966; baseline -0.003 -18"><span class='ocrx_word' id='word_1_204' title='bbox 172 2895 220 2965; x_wconf 89' lang='lat'>87.</span> <span class='ocrx_word' id='word_1_205' title='bbox 239 2895 311 2947; x_wconf 70' lang='lat' dir='ltr'>‘Vino</span> <span class='ocrx_word' id='word_1_206' title='bbox 335 2896 454 2948; x_wconf 80' lang='lat' dir='ltr'>edentulo.</span> <span class='ocrx_word' id='word_1_207' title='bbox 475 2893 578 2966; x_wconf 87' lang='lat' dir='ltr'>Lepide</span> <span class='ocrx_word' id='word_1_208' title='bbox 602 2894 644 2948; x_wconf 90' lang='lat' dir='ltr'>di·</span> <span class='ocrx_word' id='word_1_209' title='bbox 685 2896 822 2950; x_wconf 83' lang='lat' dir='ltr'>interdum</span> <span class='ocrx_word' id='word_1_210' title='bbox 855 2895 980 2949; x_wconf 85' lang='lat' dir='ltr'>dicebaut</span> <span class='ocrx_word' id='word_1_211' title='bbox 1008 2908 1112 2947; x_wconf 85' lang='lat' dir='ltr'>veteres</span> <span class='ocrx_word' id='word_1_212' title='bbox 1143 2895 1200 2946; x_wconf 90' lang='lat' dir='ltr'>sine</span> 
     </span>
     <span class='ocr_line' id='line_1_27' title="bbox 130 2973 1199 3048; baseline -0.002 -22"><span class='ocrx_word' id='word_1_213' title='bbox 130 2985 220 3039; x_wconf 71' lang='lat' dir='ltr'>mum,</span> <span class='ocrx_word' id='word_1_214' title='bbox 235 2976 319 3026; x_wconf 78' lang='lat' dir='ltr'>ninum</span> <span class='ocrx_word' id='word_1_215' title='bbox 345 2979 395 3026; x_wconf 80' lang='lat' dir='ltr'>sine</span> <span class='ocrx_word' id='word_1_216' title='bbox 421 2975 550 3037; x_wconf 82' lang='lat' dir='ltr'>dentibus,·</span> <span class='ocrx_word' id='word_1_217' title='bbox 565 2976 639 3046; x_wconf 84' lang='lat' dir='ltr'>quasi</span> <span class='ocrx_word' id='word_1_218' title='bbox 686 2978 805 3048; x_wconf 85' lang='lat' dir='ltr'>probro,</span> <span class='ocrx_word' id='word_1_219' title='bbox 829 2994 880 3046; x_wconf 88' lang='lat' dir='ltr'>pro</span> <span class='ocrx_word' id='word_1_220' title='bbox 897 2973 1020 3028; x_wconf 87' lang='lat' dir='ltr'>mercede</span> <span class='ocrx_word' id='word_1_221' title='bbox 1034 2973 1151 3040; x_wconf 84' lang='lat' dir='ltr'>mereri,</span> <span class='ocrx_word' id='word_1_222' title='bbox 1170 2973 1199 3025; x_wconf 90' lang='lat' dir='ltr'>in</span> 
     </span>
     <span class='ocr_line' id='line_1_28' title="bbox 128 3053 1199 3128; baseline 0.001 -24"><span class='ocrx_word' id='word_1_223' title='bbox 128 3053 213 3105; x_wconf 83' lang='lat' dir='ltr'>nimia</span> <span class='ocrx_word' id='word_1_224' title='bbox 225 3066 367 3106; x_wconf 79' lang='lat' dir='ltr'>vetustate:</span> <span class='ocrx_word' id='word_1_225' title='bbox 376 3054 468 3107; x_wconf 85' lang='lat' dir='ltr'>iisdem</span> <span class='ocrx_word' id='word_1_226' title='bbox 480 3056 568 3107; x_wconf 78' lang='lat' dir='ltr'>verbis</span> <span class='ocrx_word' id='word_1_227' title='bbox 581 3055 642 3107; x_wconf 81' lang='lat' dir='ltr'>Ale·</span> <span class='ocrx_word' id='word_1_228' title='bbox 687 3057 781 3110; x_wconf 86' lang='lat' dir='ltr'>militia</span> <span class='ocrx_word' id='word_1_229' title='bbox 792 3057 950 3128; x_wconf 83' lang='lat' dir='ltr'>praesertim.</span> <span class='ocrx_word' id='word_1_230' title='bbox 967 3053 1113 3108; x_wconf 58' lang='lat' dir='ltr'>onor!-</span> <span class='ocrx_word' id='word_1_231' title='bbox 1119 3053 1199 3108; x_wconf 84' lang='lat' dir='ltr'>cont.</span> 
     </span>
     <span class='ocr_line' id='line_1_29' title="bbox 129 3123 1202 3207; baseline 0 -22"><span class='ocrx_word' id='word_1_232' title='bbox 129 3132 169 3185; x_wconf 81' lang='lat' dir='ltr'>xio</span> <span class='ocrx_word' id='word_1_233' title='bbox 180 3133 314 3186; x_wconf 84' lang='lat' dir='ltr'>comicus:</span> <span class='ocrx_word' id='word_1_234' title='bbox 328 3123 391 3195; x_wconf 67' lang='lat' dir='ltr'>licen</span> <span class='ocrx_word' id='word_1_235' title='bbox 401 3142 426 3206; x_wconf 77' lang='grc' dir='ltr'>γ’</span> <span class='ocrx_word' id='word_1_236' title='bbox 437 3137 492 3187; x_wconf 81' lang='grc' dir='ltr'><strong>ὅσον</strong></span> <span class='ocrx_word' id='word_1_237' title='bbox 504 3135 532 3188; x_wconf 74' lang='grc' dir='ltr'>ἄν</span> <span class='ocrx_word' id='word_1_238' title='bbox 549 3136 642 3200; x_wconf 74' lang='grc' dir='ltr'>βουλό·</span> <span class='ocrx_word' id='word_1_239' title='bbox 686 3137 746 3189; x_wconf 77' lang='lat' dir='ltr'>Mil.</span> <span class='ocrx_word' id='word_1_240' title='bbox 763 3139 785 3200; x_wconf 86' lang='lat'>1,</span> <span class='ocrx_word' id='word_1_241' title='bbox 803 3156 829 3201; x_wconf 87' lang='grc' dir='ltr'>ι,</span> <span class='ocrx_word' id='word_1_242' title='bbox 845 3143 892 3207; x_wconf 69' lang='grc'>74,</span> <span class='ocrx_word' id='word_1_243' title='bbox 908 3134 1012 3188; x_wconf 77' lang='grc' dir='ltr'>ΑΙΙιιάίῑ</span> <span class='ocrx_word' id='word_1_244' title='bbox 1032 3132 1066 3186; x_wconf 87' lang='lat' dir='ltr'>ad</span> <span class='ocrx_word' id='word_1_245' title='bbox 1082 3133 1202 3185; x_wconf 82' lang='lat' dir='ltr'>hominis</span> 
     </span>
     <span class='ocr_line' id='line_1_30' title="bbox 129 3207 1148 3287; baseline -0.001 -22"><span class='ocrx_word' id='word_1_246' title='bbox 129 3217 194 3283; x_wconf 71' lang='grc' dir='ltr'><strong>μεθ’,</strong></span> <span class='ocrx_word' id='word_1_247' title='bbox 205 3215 261 3274; x_wconf 61' lang='lat' dir='ltr'>lem</span> <span class='ocrx_word' id='word_1_248' title='bbox 273 3215 316 3267; x_wconf 74' lang='lat' dir='ltr'>uui</span> <span class='ocrx_word' id='word_1_249' title='bbox 329 3215 406 3285; x_wconf 75' lang='grc' dir='ltr'>μάλα.</span> <span class='ocrx_word' id='word_1_250' title='bbox 421 3207 490 3276; x_wconf 67' lang='lat' dir='ltr'>utu&lt;</span> <span class='ocrx_word' id='word_1_251' title='bbox 501 3223 526 3286; x_wconf 80' lang='grc' dir='ltr'>γ’</span> <span class='ocrx_word' id='word_1_252' title='bbox 537 3212 640 3276; x_wconf 65' lang='grc' dir='ltr'>ὀδόντας</span> <span class='ocrx_word' id='word_1_253' title='bbox 686 3235 765 3287; x_wconf 82' lang='lat' dir='ltr'>quam</span> <span class='ocrx_word' id='word_1_254' title='bbox 782 3216 868 3269; x_wconf 86' lang='lat' dir='ltr'>credit</span> <span class='ocrx_word' id='word_1_255' title='bbox 882 3235 937 3269; x_wconf 77' lang='lat' dir='ltr'>esse</span> <span class='ocrx_word' id='word_1_256' title='bbox 953 3213 1148 3267; x_wconf 86' lang='lat' dir='ltr'>conditionem.</span> 
     </span>
     <span class='ocr_line' id='line_1_31' title="bbox 129 3289 1200 3366; baseline 0 -22"><span class='ocrx_word' id='word_1_257' title='bbox 129 3295 172 3345; x_wconf 78' lang='lat' dir='ltr'>otiu</span> <span class='ocrx_word' id='word_1_258' title='bbox 182 3289 412 3365; x_wconf 59' lang='lat' dir='ltr'>iguubdnoanpo&#39;c.</span> <span class='ocrx_word' id='word_1_259' title='bbox 427 3296 500 3348; x_wconf 74' lang='lat' dir='ltr'>Ltus.</span> <span class='ocrx_word' id='word_1_260' title='bbox 515 3326 554 3338; x_wconf 89' lang='lat'><em>-</em></span> <span class='ocrx_word' id='word_1_261' title='bbox 565 3296 642 3347; x_wconf 83' lang='lat' dir='ltr'>AEtu·</span> <span class='ocrx_word' id='word_1_262' title='bbox 727 3303 774 3366; x_wconf 70' lang='lat'>94.</span> <span class='ocrx_word' id='word_1_263' title='bbox 790 3297 846 3348; x_wconf 82' lang='lat' dir='ltr'>Duc</span> <span class='ocrx_word' id='word_1_264' title='bbox 860 3314 918 3366; x_wconf 73' lang='lat' dir='ltr'>ergo</span> <span class='ocrx_word' id='word_1_265' title='bbox 932 3315 976 3346; x_wconf 81' lang='lat' dir='ltr'>me.</span> <span class='ocrx_word' id='word_1_266' title='bbox 990 3295 1094 3365; x_wconf 82' lang='lat' dir='ltr'>Argnte</span> <span class='ocrx_word' id='word_1_267' title='bbox 1104 3290 1200 3345; x_wconf 88' lang='lat' dir='ltr'>alludit</span> 
     </span>
     <span class='ocr_line' id='line_1_32' title="bbox 130 3373 1200 3447; baseline 0 -24"><span class='ocrx_word' id='word_1_268' title='bbox 130 3383 175 3424; x_wconf 79' lang='lat' dir='ltr'>tem</span> <span class='ocrx_word' id='word_1_269' title='bbox 189 3377 293 3443; x_wconf 71' lang='lat' dir='ltr'>inriget,</span> <span class='ocrx_word' id='word_1_270' title='bbox 320 3388 380 3427; x_wconf 76' lang='lat' dir='ltr'>tatae</span> <span class='ocrx_word' id='word_1_271' title='bbox 396 3394 447 3446; x_wconf 88' lang='lat' dir='ltr'>pro</span> <span class='ocrx_word' id='word_1_272' title='bbox 464 3393 584 3445; x_wconf 87' lang='lat' dir='ltr'>persona.</span> <span class='ocrx_word' id='word_1_273' title='bbox 597 3376 641 3429; x_wconf 83' lang='lat' dir='ltr'>Cf.</span> <span class='ocrx_word' id='word_1_274' title='bbox 686 3374 719 3427; x_wconf 87' lang='lat' dir='ltr'>ad</span> <span class='ocrx_word' id='word_1_275' title='bbox 733 3376 896 3447; x_wconf 87' lang='lat' dir='ltr'>judiciorum</span> <span class='ocrx_word' id='word_1_276' title='bbox 910 3373 1152 3437; x_wconf 77' lang='lat' dir='ltr'>consuetudinem,</span> <span class='ocrx_word' id='word_1_277' title='bbox 1172 3375 1200 3424; x_wconf 90' lang='lat' dir='ltr'>iu</span> 
     </span>
     <span class='ocr_line' id='line_1_33' title="bbox 129 3452 1198 3526; baseline -0.002 -22"><span class='ocrx_word' id='word_1_278' title='bbox 129 3452 204 3506; x_wconf 80' lang='lat' dir='ltr'>Asin.</span> <span class='ocrx_word' id='word_1_279' title='bbox 218 3455 245 3517; x_wconf 89' lang='lat'>1,</span> <span class='ocrx_word' id='word_1_280' title='bbox 262 3453 293 3514; x_wconf 82' lang='lat'>3.</span> <span class='ocrx_word' id='word_1_281' title='bbox 313 3453 360 3522; x_wconf 79' lang='lat'>39.</span> <span class='ocrx_word' id='word_1_282' title='bbox 686 3457 783 3526; x_wconf 88' lang='lat' dir='ltr'>quibus</span> <span class='ocrx_word' id='word_1_283' title='bbox 797 3456 952 3520; x_wconf 82' lang='lat' dir='ltr'>damnatus,</span> <span class='ocrx_word' id='word_1_284' title='bbox 965 3455 986 3508; x_wconf 84' lang='lat' dir='ltr'>ai</span> <span class='ocrx_word' id='word_1_285' title='bbox 996 3452 1128 3506; x_wconf 85' lang='lat' dir='ltr'>solvendo</span> <span class='ocrx_word' id='word_1_286' title='bbox 1143 3471 1198 3504; x_wconf 90' lang='lat' dir='ltr'>nou</span> 
     </span>
     <span class='ocr_line' id='line_1_34' title="bbox 171 3531 1201 3605; baseline -0.005 -19"><span class='ocrx_word' id='word_1_287' title='bbox 171 3533 219 3586; x_wconf 88' lang='lat'>88.</span> <span class='ocrx_word' id='word_1_288' title='bbox 237 3531 405 3601; x_wconf 80' lang='lat' dir='ltr'>Unguentum,</span> <span class='ocrx_word' id='word_1_289' title='bbox 428 3544 639 3605; x_wconf 85' lang='lat' dir='ltr'>unguentorum.</span> <span class='ocrx_word' id='word_1_290' title='bbox 685 3536 730 3601; x_wconf 82' lang='lat' dir='ltr'>ait,</span> <span class='ocrx_word' id='word_1_291' title='bbox 741 3535 876 3589; x_wconf 87' lang='lat' dir='ltr'>addicitur</span> <span class='ocrx_word' id='word_1_292' title='bbox 888 3535 1058 3597; x_wconf 78' lang='lat' dir='ltr'>adversario,</span> <span class='ocrx_word' id='word_1_293' title='bbox 1072 3547 1099 3586; x_wconf 83' lang='lat' dir='ltr'>et</span> <span class='ocrx_word' id='word_1_294' title='bbox 1107 3533 1142 3584; x_wconf 87' lang='lat' dir='ltr'>ab</span> <span class='ocrx_word' id='word_1_295' title='bbox 1152 3532 1201 3583; x_wconf 90' lang='lat' dir='ltr'>illo</span> 
     </span>
     <span class='ocr_line' id='line_1_35' title="bbox 126 3612 1197 3684; baseline 0.001 -22"><span class='ocrx_word' id='word_1_296' title='bbox 126 3641 167 3654; x_wconf 91' lang='lat'>-</span> <span class='ocrx_word' id='word_1_297' title='bbox 177 3612 342 3675; x_wconf 79' lang='lat' dir='ltr'>Echuumatis,</span> <span class='ocrx_word' id='word_1_298' title='bbox 358 3613 573 3684; x_wconf 82' lang='lat' dir='ltr'>profusionibue3</span> <span class='ocrx_word' id='word_1_299' title='bbox 587 3632 639 3666; x_wconf 89' lang='lat' dir='ltr'>vox</span> <span class='ocrx_word' id='word_1_300' title='bbox 683 3613 795 3667; x_wconf 81' lang='lat' dir='ltr'>domum</span> <span class='ocrx_word' id='word_1_301' title='bbox 814 3615 966 3668; x_wconf 84' lang='lat' dir='ltr'>abducitur.</span> <span class='ocrx_word' id='word_1_302' title='bbox 985 3615 1088 3666; x_wconf 79' lang='lat' dir='ltr'>Asiuar.</span> <span class='ocrx_word' id='word_1_303' title='bbox 1104 3613 1142 3675; x_wconf 87' lang='lat' dir='ltr'>V,</span> <span class='ocrx_word' id='word_1_304' title='bbox 1160 3631 1174 3664; x_wconf 76' lang='lat' dir='ltr'>a</span> <span class='ocrx_word' id='word_1_305' title='bbox 1190 3630 1197 3663; x_wconf 90' lang='lat'><strong>:</strong></span> 
     </span>
     <span class='ocr_line' id='line_1_36' title="bbox 127 3689 1199 3765; baseline -0.001 -22"><span class='ocrx_word' id='word_1_306' title='bbox 127 3709 211 3761; x_wconf 75' lang='lat' dir='ltr'>graeca</span> <span class='ocrx_word' id='word_1_307' title='bbox 225 3691 378 3762; x_wconf 72' lang='grc' dir='ltr'>ἐκχεὺματα.</span> <span class='ocrx_word' id='word_1_308' title='bbox 395 3694 542 3765; x_wconf 83' lang='lat' dir='ltr'>Utriusque</span> <span class='ocrx_word' id='word_1_309' title='bbox 556 3693 638 3746; x_wconf 90' lang='lat' dir='ltr'>decli·</span> <span class='ocrx_word' id='word_1_310' title='bbox 686 3718 697 3740; x_wconf 74' lang='grc' dir='ltr'>ι</span> <span class='ocrx_word' id='word_1_311' title='bbox 709 3694 862 3747; x_wconf 74' lang='lat' dir='ltr'>iudicatum</span> <span class='ocrx_word' id='word_1_312' title='bbox 880 3715 922 3747; x_wconf 90' lang='lat' dir='ltr'>me</span> <span class='ocrx_word' id='word_1_313' title='bbox 937 3713 1005 3746; x_wconf 90' lang='lat' dir='ltr'>uxor</span> <span class='ocrx_word' id='word_1_314' title='bbox 1022 3693 1132 3746; x_wconf 91' lang='lat' dir='ltr'>abducit</span> <span class='ocrx_word' id='word_1_315' title='bbox 1150 3689 1199 3743; x_wconf 89' lang='lat' dir='ltr'>do·</span> 
     </span>
     <span class='ocr_line' id='line_1_37' title="bbox 125 3770 1199 3843; baseline 0.001 -20"><span class='ocrx_word' id='word_1_316' title='bbox 125 3770 243 3825; x_wconf 84' lang='lat' dir='ltr'>nationis</span> <span class='ocrx_word' id='word_1_317' title='bbox 260 3771 367 3843; x_wconf 76' lang='lat' dir='ltr'>fuerunt</span> <span class='ocrx_word' id='word_1_318' title='bbox 381 3772 534 3842; x_wconf 83' lang='lat' dir='ltr'>hujusmodi</span> <span class='ocrx_word' id='word_1_319' title='bbox 550 3773 638 3824; x_wconf 87' lang='lat' dir='ltr'>nomi·</span> <span class='ocrx_word' id='word_1_320' title='bbox 683 3791 759 3825; x_wconf 90' lang='lat' dir='ltr'>mum</span> <span class='ocrx_word' id='word_1_321' title='bbox 775 3800 799 3827; x_wconf 73' lang='lat' dir='ltr'>n.</span> <span class='ocrx_word' id='word_1_322' title='bbox 812 3776 881 3827; x_wconf 86' lang='lat' dir='ltr'>Nam</span> <span class='ocrx_word' id='word_1_323' title='bbox 894 3775 1029 3826; x_wconf 78' lang='lat' dir='ltr'>abducendi</span> <span class='ocrx_word' id='word_1_324' title='bbox 1044 3775 1157 3825; x_wconf 84' lang='lat' dir='ltr'>verbum</span> <span class='ocrx_word' id='word_1_325' title='bbox 1169 3772 1199 3825; x_wconf 81' lang='lat' dir='ltr'>iu</span> 
     </span>
     <span class='ocr_line' id='line_1_38' title="bbox 127 3852 1198 3925; baseline 0.001 -22"><span class='ocrx_word' id='word_1_326' title='bbox 127 3869 180 3916; x_wconf 88' lang='lat' dir='ltr'>na,</span> <span class='ocrx_word' id='word_1_327' title='bbox 193 3869 217 3905; x_wconf 90' lang='lat' dir='ltr'>e.</span> <span class='ocrx_word' id='word_1_328' title='bbox 227 3872 252 3922; x_wconf 85' lang='lat' dir='ltr'>g.</span> <span class='ocrx_word' id='word_1_329' title='bbox 264 3852 444 3922; x_wconf 84' lang='lat' dir='ltr'>poematibus,</span> <span class='ocrx_word' id='word_1_330' title='bbox 457 3854 592 3922; x_wconf 88' lang='lat' dir='ltr'>poematis.</span> <span class='ocrx_word' id='word_1_331' title='bbox 602 3853 635 3905; x_wconf 89' lang='lat' dir='ltr'>N.</span> <span class='ocrx_word' id='word_1_332' title='bbox 682 3870 711 3904; x_wconf 84' lang='lat' dir='ltr'>ea</span> <span class='ocrx_word' id='word_1_333' title='bbox 727 3873 756 3905; x_wconf 91' lang='lat' dir='ltr'>re</span> <span class='ocrx_word' id='word_1_334' title='bbox 771 3855 923 3925; x_wconf 89' lang='lat' dir='ltr'>proprium.</span> <span class='ocrx_word' id='word_1_335' title='bbox 940 3856 966 3907; x_wconf 87' lang='lat' dir='ltr'>J.</span> <span class='ocrx_word' id='word_1_336' title='bbox 981 3855 1102 3906; x_wconf 67' lang='grc' dir='ltr'><strong>61η..-</strong></span> <span class='ocrx_word' id='word_1_337' title='bbox 1112 3853 1198 3905; x_wconf 70' lang='lat' dir='ltr'>Adde·-</span> 
     </span>
     <span class='ocr_line' id='line_1_39' title="bbox 166 3928 1199 4004; baseline 0 -20"><span class='ocrx_word' id='word_1_338' title='bbox 166 3934 210 3999; x_wconf 89' lang='lat'>89.</span> <span class='ocrx_word' id='word_1_339' title='bbox 228 3931 298 4002; x_wconf 83' lang='lat' dir='ltr'>Quid</span> <span class='ocrx_word' id='word_1_340' title='bbox 313 3934 388 3983; x_wconf 83' lang='lat' dir='ltr'>multu</span> <span class='ocrx_word' id='word_1_341' title='bbox 408 3928 506 3983; x_wconf 67' lang='lat' dir='ltr'>veria?</span> <span class='ocrx_word' id='word_1_342' title='bbox 521 3933 633 3998; x_wconf 79' lang='lat' dir='ltr'>faciam,</span> <span class='ocrx_word' id='word_1_343' title='bbox 680 3945 836 3993; x_wconf 72' lang='lat' dir='ltr'>mummius,</span> <span class='ocrx_word' id='word_1_344' title='bbox 854 3953 896 3985; x_wconf 86' lang='lat' dir='ltr'>me</span> <span class='ocrx_word' id='word_1_345' title='bbox 913 3932 1119 4004; x_wconf 90' lang='lat' dir='ltr'>tibitradoquo</span> <span class='ocrx_word' id='word_1_346' title='bbox 1132 3933 1199 3985; x_wconf 84' lang='lat' dir='ltr'>velis</span> 
     </span>
     <span class='ocr_line' id='line_1_40' title="bbox 124 4009 1196 4084; baseline 0.001 -22"><span class='ocrx_word' id='word_1_347' title='bbox 124 4009 165 4062; x_wconf 80' lang='lat' dir='ltr'>ubi</span> <span class='ocrx_word' id='word_1_348' title='bbox 188 4023 214 4064; x_wconf 88' lang='lat' dir='ltr'>tu</span> <span class='ocrx_word' id='word_1_349' title='bbox 236 4012 335 4073; x_wconf 61' lang='lat' dir='ltr'>turena,</span> <span class='ocrx_word' id='word_1_350' title='bbox 361 4012 402 4065; x_wconf 79' lang='lat' dir='ltr'>tbi.</span> <span class='ocrx_word' id='word_1_351' title='bbox 426 4013 467 4065; x_wconf 91' lang='lat' dir='ltr'>Ita</span> <span class='ocrx_word' id='word_1_352' title='bbox 491 4009 632 4082; x_wconf 81' lang='lat' dir='ltr'>unguentis</span> <span class='ocrx_word' id='word_1_353' title='bbox 679 4011 845 4067; x_wconf 88' lang='lat' dir='ltr'>ducendum.</span> <span class='ocrx_word' id='word_1_354' title='bbox 867 4015 1026 4084; x_wconf 82' lang='lat' dir='ltr'>Metaplrora</span> <span class='ocrx_word' id='word_1_355' title='bbox 1051 4030 1065 4063; x_wconf 87' lang='lat' dir='ltr'>a</span> <span class='ocrx_word' id='word_1_356' title='bbox 1083 4011 1196 4082; x_wconf 79' lang='lat' dir='ltr'>judiciis</span> 
     </span>
     <span class='ocr_line' id='line_1_41' title="bbox 118 4090 1198 4162; baseline 0.002 -19"><span class='ocrx_word' id='word_1_357' title='bbox 118 4090 262 4157; x_wconf 82' lang='lat' dir='ltr'>balneum,</span> <span class='ocrx_word' id='word_1_358' title='bbox 281 4092 308 4144; x_wconf 90' lang='lat' dir='ltr'>iu</span> <span class='ocrx_word' id='word_1_359' title='bbox 322 4109 376 4162; x_wconf 86' lang='lat' dir='ltr'>quo</span> <span class='ocrx_word' id='word_1_360' title='bbox 390 4092 505 4158; x_wconf 79' lang='lat' dir='ltr'>lavabis,</span> <span class='ocrx_word' id='word_1_361' title='bbox 523 4091 633 4145; x_wconf 84' lang='lat' dir='ltr'>effluere</span> <span class='ocrx_word' id='word_1_362' title='bbox 679 4106 775 4147; x_wconf 84' lang='lat' dir='ltr'>sumta.</span> <span class='ocrx_word' id='word_1_363' title='bbox 783 4092 854 4146; x_wconf 89' lang='lat' dir='ltr'>Vide</span> <span class='ocrx_word' id='word_1_364' title='bbox 865 4112 929 4147; x_wconf 79' lang='lat' dir='ltr'>vero</span> <span class='ocrx_word' id='word_1_365' title='bbox 941 4111 1018 4146; x_wconf 86' lang='lat' dir='ltr'>sensu</span> <span class='ocrx_word' id='word_1_366' title='bbox 1030 4092 1079 4158; x_wconf 88' lang='lat' dir='ltr'>IV,</span> <span class='ocrx_word' id='word_1_367' title='bbox 1099 4112 1125 4158; x_wconf 78' lang='lat' dir='ltr'>a,</span> <span class='ocrx_word' id='word_1_368' title='bbox 1150 4108 1198 4145; x_wconf 85' lang='lat'>11.</span> 
     </span>
    </p>
   </div>
   <div class='ocr_carea' id='block_1_5' title="bbox 0 0 1332 4778">
    <p class='ocr_par' dir='ltr' id='par_1_17' title="bbox 0 0 1332 4778">
     <span class='ocr_line' id='line_1_42' title="bbox 0 0 1332 4778; baseline 0 1"><span class='ocrx_word' id='word_1_369' title='bbox 0 0 1332 4778; x_wconf 95' lang='lat' dir='ltr'> </span> 
     </span>
    </p>
   </div>
  </div>
 </body>
</html>
