2654 4778
294 341 466 411 accus
490 342 569 426 111,
593 340 763 410 scena
789 343 817 409 1.
1040 341 1083 424 4ι

106 490 150 534 ne
164 477 298 559 oportet
311 465 359 533 ire
376 466 500 534 amicos
514 465 642 532 homini
658 464 784 533 amanti
798 485 933 556 operam
952 462 1089 532 datum?

105 576 188 644 “iste
207 573 341 668 quidem
361 560 483 668 gradus
502 573 701 643 subcretu’st
718 573 828 642 cribro
847 571 1041 668 pollinario,
1067 605 1092 632 ιο

110 709 187 753 cum
210 683 335 778 pedicis
355 684 581 753 condidicistis
600 685 647 752 sic
666 684 731 752 hoc
748 685 890 778 grassari
909 683 1030 779 gradu.

105 797 219 890 *Heus
245 808 300 880 tu,
331 818 534 888 quamquam
563 818 625 862 nos
649 793 803 863 videmur
828 794 890 862 tibi
917 791 1025 887 plebei
1053 807 1086 862 et

164 928 345 998 pauperes,

105 1039 131 1084 ec
144 1028 239 1084 'recte
256 1012 339 1082 dicis
357 1014 471 1100 nobis,
488 1013 580 1082 dives
599 1012 640 1082 de
660 1038 791 1084 summo
812 1012 908 1101 loco,

105 1141 166 1193 tem
185 1123 341 1193 audacter
361 1122 503 1193 solemus
521 1138 667 1194 mactare
685 1123 881 1192 infortunio.

105 1236 163 1304 tibi
176 1259 237 1303 nos
250 1234 386 1303 obnoxii
400 1259 531 1320 sumus,
542 1236 627 1303 istuc
640 1219 721 1328 quid
733 1250 769 1302 tu
784 1257 873 1301 ames
887 1246 946 1302 aut
958 1231 1085 1300 oderis:

105 1371 130 1413 n
150 1359 327 1438 argentum
347 1370 410 1439 pro
432 1345 541 1439 capite
558 1344 730 1433 dedimus,
745 1359 897 1414 nostrum
918 1342 1086 1426 dedimus,

162 1479 231 1522 non
251 1468 358 1522 tuum.
1061 1472 1086 1510 ιε

104 1587 156 1632 ros
171 1589 233 1632 nos
249 1587 318 1632 esse
337 1578 493 1657 oportet:
515 1590 575 1633 nos
594 1580 627 1634 te
646 1564 743 1633 nihili
762 1565 950 1659 pendimus.

104 1697 145 1742 uo
160 1698 222 1742 nos
243 1673 349 1742 amori
369 1699 481 1742 servos
501 1690 578 1743 tuos
594 1700 664 1743 esse
682 1674 833 1743 addictos
853 1695 996 1743 censeas.

104 1807 153 1852 ros
167 1783 319 1852 homines
332 1809 392 1877 per
406 1785 523 1853 urbem
540 1786 672 1855 modico
687 1787 792 1879 magis
803 1810 864 1879 par
879 1798 928 1852 est
942 1779 1049 1876 gradu

111 1891 232 1961 servoli
250 1917 320 1962 esse
336 1891 422 1961 duco
439 1893 649 1965 festinantem
665 1921 798 1965 currere
814 1922 821 1964 :
1058 1923 1082 1950 τι·

118 2028 273 2082 Subcretu'st
290 2029 369 2082 cribro
385 2031 527 2100 pellicerio.
572 2052 634 2086 nem
651 2033 850 2094 ricciarium,
874 2048 934 2100 quar
947 2029 1016 2080 inter
1036 2025 1083 2079 de·

117 2103 239 2172 σοίκκὶζειν
266 2109 424 2163 dicebantur
443 2124 527 2164 astur·
572 2111 704 2185 psendurn
722 2113 777 2165 sive
799 2108 976 2181 subigendum
995 2107 1084 2159 lentis-

116 2201 143 2241 et
163 2189 291 2242 tolutares
313 2189 391 2260 equi,
412 2209 528 2261 quorum
572 2193 645 2245 simae
665 2194 700 2246 sit
717 2191 849 2256 materie,
869 2192 994 2243 humecta
1013 2205 1083 2257 pre·

104 2288 113 2322 s
127 2268 155 2320 in
165 2268 330 2322 ambulando
347 2268 460 2340 perinde
476 2272 527 2323 mi·
571 2273 679 2336 sertim,
697 2285 724 2325 et
736 2273 763 2325 in
778 2272 909 2324 fermento
919 2271 1008 2340 jacens
1023 2283 1029 2318 :
1052 2278 1081 2319 ut

104 2359 128 2401 et
138 2349 240 2412 creber,
253 2349 329 2418 quasi
339 2367 414 2401 sacco
426 2350 526 2403 celatus
571 2354 642 2406 mola
655 2350 754 2405 dicitur
764 2369 813 2422 pro
824 2350 893 2402 farre
904 2340 1006 2401 molito.
1022 2346 1080 2397 Imo

104 2440 128 2480 et
151 2428 282 2499 eliquatus
304 2425 432 2498 (liquores
455 2430 525 2482 enim
574 2430 692 2504 «gradus
710 2439 844 2484 succretus
862 2429 952 2481 cribro
965 2423 1081 2497 pollina·

104 2525 198 2560 aecum
226 2507 292 2559 dum
321 2508 525 2579 exprimuntur,
570 2513 653 2578 rio»,
674 2523 712 2564 est
733 2524 786 2563 tam
806 2509 894 2561 lentus
912 2526 942 2559 ac
966 2505 1079 2576 spissus,

104 2600 159 2639 set
186 2588 295 2639 minutis
322 2588 404 2657 guttis
427 2587 525 2653 eunt),
570 2585 1080 2664 quarntardeecribrotaliexcernitur

104 2685 122 2718 ts
136 2665 229 2719 eadem
244 2668 414 2738 metaphora,
427 2667 461 2720 de
473 2669 524 2720 mi·
570 2672 612 2724 vel
633 2684 753 2724 excretus
774 2684 800 2723 et
819 2668 969 2738 percolatus
983 2662 1081 2716 excidit

108 2763 153 2797 mo
178 2765 208 2798 ac
238 2747 398 2816 spississimo
425 2746 526 2818 gradu,
569 2751 618 2803 flos
638 2751 682 2802 ille
698 2750 796 2814 tritici,
820 2741 1021 2820 pollen:quod
1041 2743 1079 2794 vi-

104 2826 150 2877 hoc
165 2826 226 2878 loco
244 2827 370 2890 Plautus,
392 2845 452 2878 eum
465 2845 525 2879 suc·
569 2830 632 2883 dere
646 2831 708 2882 licet
723 2827 846 2900 quotidie
857 2828 883 2878 in
895 2826 1010 2897 pistrino
1019 2823 1077 2876 fleri

104 2923 181 2956 resse
193 2905 284 2957 cribro
301 2906 456 2978 pollinario.
469 2908 523 2958 Ve·
568 2929 649 2981 quam
662 2909 819 2963 tardissime.
837 2908 928 2960 Gnott.
943 2937 983 2948 -
997 2899 1079 2967 Quod

106 2981 524 3056 dePersicisequis,quinostris
568 2991 590 3042 si
616 2991 684 3042 inter
711 3001 797 3041 tantos
818 2985 966 3056 diiudicare
990 2983 1080 3046 dicent,

103 3063 182 3115 uariis
201 3065 298 3116 similes
311 3079 414 3117 erant:
440 3065 524 3117 rPer·
567 3070 640 3121 litem
656 3069 782 3122 Salmaaio
797 3065 926 3119 addicam.
942 3066 975 3116 H.
991 3082 1015 3114 c.
1028 3061 1078 3112 mi·
1107 3085 1112 3095 ⁵

104 3155 179 3194 utura
200 3155 225 3195 et
244 3145 375 3213 positione
393 3163 406 3195 a
425 3145 523 3197 caeteris
566 3150 713 3201 nutissimis
724 3148 851 3219 passibus.
869 3147 903 3199 N.

103 3241 142 3273 rm
156 3223 298 3294 generibus
307 3242 361 3274 non
376 3224 522 3293 plurimum
611 3236 655 3292 πά.
678 3230 790 3280 Macram
816 3226 957 3293 infortunio.
980 3220 1077 3291 Amph.

103 3313 155 3365 mt,
180 3301 226 3369 sed
246 3302 327 3354 soiius
350 3304 523 3356 ambulaturae
566 3309 718 3372 1v‚2‚1r.

103 3381 222 3450 mgratia
238 3380 427 3434 discernuntur
444 3402 456 3434 a
472 3403 521 3435 cat·
610 3387 651 3441 15.
679 3387 777 3438 Olmor.
804 3388 843 3436 ist.
869 3382 929 3455 quid
952 3394 977 3432 tu
1005 3401 1077 3433 ames.

103 3459 206 3512 Gradus
222 3474 261 3513 est
281 3462 399 3515 minutus
419 3475 444 3514 et
464 3481 522 3515 cre·
567 3465 632 3518 vid.
645 3466 683 3518 rs.
698 3467 742 3518 18.

103 3540 124 3591 et'
140 3539 187 3610 qui
208 3539 342 3594 sedentem
366 3542 479 3594 delectet
496 3556 522 3596 et
610 3549 653 3598 16.
669 3546 808 3614 Argentum
822 3563 869 3614 pro
885 3562 938 3613 cap.
961 3541 1080 3593 dedimus.

110 3637 159 3670 nec
171 3631 227 3672 arte
239 3619 377 3686 doceatur,
387 3620 433 3674 sed
444 3635 520 3674 natu·
566 3624 631 3678 vid.
647 3625 719 3678 Proi.
733 3630 778 3686 πά.

106 3698 145 3750 uti
158 3700 217 3769 jure
236 3713 406 3769 prestetur».
434 3702 520 3754 Sarna.
610 3725 654 3774 19.
671 3703 902 3756 Liberossltomines.
922 3700 1079 3753 Viden’he-
1163 3754 1170 3759 .

103 3777 213 3829 irretu'st
230 3780 308 3830 cribro
322 3781 462 3850 pomoerio.
476 3783 522 3836 Er·
566 3797 669 3836 sternes
691 3785 776 3848 cives,
798 3785 871 3852 virga
902 3781 1021 3854 pretoris
1051 3780 1078 3830 in

103 3858 151 3929 qui
171 3877 225 3909 non
244 3877 275 3910 ex
297 3873 351 3911 seta
369 3861 519 3913 coniectum
563 3864 606 3934 jus
633 3865 736 3928 ascitos,
760 3876 926 3935 quantopere
949 3861 1077 3921 timeant,

103 3937 221 4000 iculum,
247 3957 301 4007 quo
325 3939 444 3992 vibratur
466 3941 521 3992 sive
565 3962 599 3994 ne
618 3963 672 3996 non
693 3944 754 3997 satis
770 3943 870 3996 emtitia
887 3940 1013 4011 dignitate
1031 3958 1078 4009 pa-

103 4031 141 4069 tur
158 4017 258 4086 pollen,
279 4019 391 4089 intelligi
413 4021 520 4083 volunt,
565 4023 617 4075 lam
634 4024 768 4078 fruantur.
781 4023 814 4075 N.

103 4096 187 4149 ibrum
203 4097 247 4149 hic
267 4115 322 4150 csse
341 4100 424 4170 ipsam
442 4101 520 4170 potti·
609 4100 760 4158 reservati
771 4102 906 4162 essedum,
928 4112 978 4154 etc.
998 4097 1077 4150 Cous.
