2654 4778
132 405 175 480 18
503 412 813 495 ¹POENULUS,

126 537 238 626 Atque
256 530 327 598 blec
345 543 382 597 ut
400 526 536 624 loquor,
554 556 644 601 nunc
663 532 763 602 modo
784 532 884 603 docta
905 533 992 603 dico.
1079 564 1083 573 ·

124 643 213 722 Nam
234 666 293 710 nos
312 664 417 734 usque
434 640 477 708 ab
495 665 617 711 aurora
638 642 680 711 ad
699 643 764 711 hoc
781 643 873 737 quod
889 642 954 712 diei
962 642 1019 727 'st,

124 756 175 822 Ex
193 751 356 820 industria
374 750 479 818 ambae
498 776 671 845 nunquam
690 753 953 822 concessavimus

125 865 266 950 Lavari,
287 878 346 931 aut
362 861 490 948 fricari,
506 878 564 931 aut
583 865 728 959 tergeri,
746 880 805 932 aut
823 865 957 950 ornari,
1167 873 1229 916 ’τ’

124 974 227 1047 Poliri
239 1029 249 1061 ,
262 972 432 1067 expoliri,
452 974 562 1067 pingi,
580 973 663 1068 fingi
681 1001 689 1043 :
708 989 742 1043 et
761 999 829 1044 una

123 1086 216 1156 Binae
234 1083 374 1179 singulis
396 1107 470 1177 quae
492 1083 577 1152 datae
599 1085 696 1152 nobis·
716 1082 859 1168 ancillae,

123 1199 180 1264 Eae
202 1218 264 1262 nos
281 1191 442 1280 lavando,
459 1192 620 1283 eluendo,
640 1218 776 1318 operam
800 1194 988 1264 dederunt:

122 1303 392 1400 Adgerundaque
410 1328 496 1397 aqua
518 1319 597 1373 sunt
618 1306 681 1372 viri
702 1304 770 1374 duo
791 1304 929 1375 defessi?

123 1419 256 1511 Apage,
274 1417 336 1498 sis,
357 1415 471 1508 negoti
490 1430 652 1509 quantum
673 1417 707 1485 in
728 1415 869 1485 muliere
891 1441 958 1486 una
976 1411 1043 1537 estl
1169 1433 1192 1472 ιι

123 1526 190 1596 Sed
209 1552 288 1595 vero
311 1525 402 1610 duae,
424 1540 475 1594 sat
494 1526 581 1613 scio,
604 1551 761 1596 maxumo
780 1527 839 1596 uni

122 1634 253 1730 Populo
271 1578 445 1729 quoiluliet
466 1633 541 1728 plus
560 1637 639 1704 satis
660 1636 741 1705 dare
759 1637 847 1731 potis
868 1651 965 1705 sunt:
1000 1664 1003 1668 ⁴

123 1746 209 1836 Quae
230 1747 356 1815 nocteis
379 1744 516 1840 diesque
538 1747 631 1815 omni
652 1746 688 1815 in
705 1762 803 1817 aetate
821 1771 953 1840 semper

122 1860 310 1943 Ornantur,
332 1855 498 1943 lavantur,
516 1871 701 1952 tergentur,
725 1856 910 1951 poliuntur.

121 1969 314 2051 Postremo,
335 1965 456 2034 modus
475 1964 646 2035 muliebris
664 1967 777 2037 nullus
794 1982 860 2053 est,
1170 1999 1194 2029 ιι

104 2163 106 2171 ὃ
122 2076 240 2170 Neque
257 2099 406 2168 unquam
423 2073 566 2145 lavando
583 2090 617 2145 et
635 2076 785 2147 fricando
804 2076 927 2146 sciurus

165 2235 193 2287 7.
203 2213 435 2268 Modo.Acidalius
445 2214 637 2280 domi,melrus
683 2237 728 2271 eos
763 2215 966 2313 persuadendos
996 2229 1022 2270 et
1056 2214 1192 2269 eluendos.

125 2296 168 2352 Cf.
181 2294 283 2349 Cistell.
295 2295 338 2356 11,
355 2317 379 2360 ι,
397 2315 423 2348 a.
436 2295 471 2348 N.

168 2377 194 2430 8.
205 2373 251 2428 Ad
266 2375 310 2428 boc
324 2375 390 2446 quod
404 2373 480 2449 d3ad
496 2375 567 2442 hanc
583 2374 640 2428 diei
682 2376 836 2450 hujusmodi
847 2396 945 2430 munus
952 2376 1081 2429 obibant
1074 2396 1103 2428 ιιι
1113 2334 1194 2428 diimo

123 2457 227 2511 boram.
243 2456 278 2508 N.
458 2480 462 2497 ι
682 2457 802 2524 lenonia,
818 2457 1005 2511 etlavautibus
1017 2454 1194 2509 meretriculis

166 2555 193 2605 9.
212 2537 255 2588 Ex
273 2528 410 2601 industria,
425 2534 561 2600 volentes,
582 2535 638 2588 imo
682 2537 876 2590 ministrabant.
889 2537 1007 2589 Glossae:
1020 2535 1128 2599 becario,
1138 2544 1195 2604 ιιιρ·

124 2615 227 2675 intenta
242 2633 313 2667 cura.
328 2614 363 2667 N.
682 2611 971 2679 cedtaactfflashuio
984 2615 1152 2669 reivservieus
1165 2613 1193 2664 iu

168 2711 213 2747 ιι.
228 2694 322 2754 Potor,
341 2693 452 2763 expoliri.
464 2694 553 2746 Lucil.
569 2695 637 2748 ·Su·
681 2697 797 2765 balneis,
821 2697 940 2768 ἀρύταινα
957 2695 1066 2758 Gracc,
1084 2705 1112 2746 et
1137 2691 1193 2763 ἀρύ·

125 2770 638 2845 dor,subellor‚desquamor,punicor,
683 2774 772 2838 ῧιιλλος
795 2775 948 2840 dicebatur,
966 2775 1016 2826 ἀπὸ
1040 2774 1083 2826 τοῦ
1113 2768 1192 2843 alpuni

11 2882 17 2891 ·
126 2872 209 2906 ornor
211 2853 352 2924 ,Expilor,
362 2853 494 2924 pingor».
682 2855 725 2910 καὶ
739 2851 928 2927 βαλλιιιῦδωρ,
944 2865 975 2906 ut
985 2864 1072 2906 censet
1083 2851 1193 2904 Pollux·

170 2939 214 2996 14.
226 2932 425 3005 Adgcrundaque
436 2950 512 3004 aqua,
524 2945 576 2986 etc.
578 2932 639 2985 Viri
681 2935 744 2991 rude
752 2949 778 2990 et
789 2931 914 3002 βαλλάδις
924 2946 950 2986 et
958 2934 1098 3000 βαλλιωιις
1108 2931 1194 2995 Scluat

126 3011 166 3065 illi
195 3012 241 3084 qui
273 3012 422 3065 lavantibus
452 3011 639 3066 meretricibus
726 3035 770 3088 17.
785 3017 855 3068 Petis
875 3026 938 3067 scut.
961 3014 1033 3084 Lego
1053 3022 1193 3089 potestant,

127 3108 230 3164 aquam
238 3093 412 3164 aggerebant,
430 3091 526 3144 Latine
542 3095 639 3161 aquarii
681 3109 712 3149 ut
721 3093 841 3161 Eamus
856 3093 951 3147 Annal.
966 3091 1061 3145 XVII:
1074 3091 1193 3162 «Spero,

114 3174 170 3264 ¹vel
195 3171 318 3241 aquarioli
343 3170 539 3224 vocitabantur
558 3173 638 3242 Spar·
681 3174 704 3235 si
720 3193 811 3246 speres
831 3173 978 3246 quidquam
998 3169 1126 3241 prodesse
1145 3188 1195 3240 po·

129 3252 192 3305 tian.
208 3252 234 3304 in
249 3251 427 3304 Comment-
416 3268 534 3322 «aquam
545 3252 636 3323 gessit,
682 3267 819 3308 tessunts.
832 3255 900 3307 Nam
911 3263 1052 3324 protererent,
1069 3263 1131 3303 suut
1146 3268 1195 3320 po·

126 3344 159 3384 ut
174 3331 301 3384 lenonum
317 3331 475 3396 minister»,
488 3329 508 3382 i.
520 3349 545 3383 e.
559 3349 639 3402 aqua·
682 3347 731 3387 tes.
741 3335 949 3387 Menneu—At
955 3335 1021 3403 potia
1029 3327 1196 3404 grammatici

126 3410 183 3464 rius
198 3411 257 3464 tuit.
272 3411 381 3468 Festus:
402 3409 550 3481 ·aquarioli
565 3407 636 3464 dice·
681 3412 780 3467 docent
790 3412 818 3465 id
829 3414 910 3466 luisse
921 3425 947 3464 et
956 3409 1152 3464 indeclinabile.
1160 3408 1195 3462 N.

126 3491 227 3544 bantur
260 3491 405 3546 mulierum
440 3488 639 3560 impudicarum
724 3488 1194 3561 21.Scr'mussacereScriptiornnes

90 3619 92 3622 .
128 3567 230 3623 sordidi
243 3571 369 3624 asseclae
376 3563 544 3622 .Bacarioues
557 3571 668 3625 ctiam
681 3573 857 3625 libribabent
867 3571 971 3639 ,facere
985 3573 1093 3630 eani,am
1109 3566 1152 3619 vel
1166 3584 1196 3616 eu

125 3649 252 3743 appellati
280 3647 323 3701 isti
346 3648 497 3740 aquarioli,
520 3651 636 3703 abaca·
675 3651 863 3726 transcripsit
879 3651 1005 3722 proximo
1026 3644 1194 3720 praecedente

126 3729 221 3794 rione,
237 3727 310 3799 quod
322 3746 390 3783 rasas
400 3741 456 3787 erat
466 3748 548 3800 genus
557 3747 638 3800 aqua
682 3749 780 3784 versu:
805 3731 968 3783 «Postremo
984 3728 1081 3781 modus
1096 3725 1194 3778 mulie-

125 3807 161 3860 rii
170 3808 314 3878 ,longiore
328 3806 486 3863 manubrio:
506 3809 637 3861 «trullam
681 3809 928 3864 brisnullusest.
946 3809 1134 3884 Sequitur:=
1123 3823 1195 3857 «ne-

127 3846 237 3960 quidam
252 3888 465 3960 appellabant,
484 3888 572 3958 inquit
587 3888 637 3940 Fe·
682 3907 741 3962 que·
751 3908 869 3960 uuquam
888 3889 1010 3943 lavando
1025 3900 1052 3940 et
1074 3882 1197 3938 fricando

126 3979 190 4020 stus.
208 3966 248 4020 Eo
260 3985 355 4040 aquam
372 3968 400 4028 in
416 3967 518 4020 balneis
530 3967 637 4021 haune
682 3987 781 4024 scamus
792 3970 879 4023 facero
889 3988 940 4023 em
951 3970 1021 4023 Nam
1033 3984 1093 4039 que
1107 3966 1195 4018 elautc

124 4046 192 4100 bant
207 4046 373 4114 mediastini,
391 4065 472 4120 quam
497 4065 577 4117 super
596 4048 636 4100 la
681 4060 741 4102 est»
747 4050 873 4102 .Ubiem
887 4049 977 4121 posuit
997 4049 1120 4117 ἀρχαϊκῶς
1142 4059 1196 4112 P¹⁰

123 4138 213 4201 rantes
225 4131 356 4198 jactarent
375 4138 402 4181 et
421 4123 582 4191 funderent,
601 4125 636 4180 ad
681 4147 758 4196 eum,
769 4141 801 4183 ιιι
812 4128 864 4182 ibus
877 4148 928 4200 pro
941 4130 980 4182 iis.
1002 4149 1013 4170 ι
1027 4121 1140 4187 Modus,
1152 4122 1193 4174 in·
