2654 4778
125 360 171 430 28
516 357 804 443 POENULUS,
858 360 860 365 ’

124 501 250 554 uranu.
266 481 412 568 Bellula,
426 477 555 549 hercle!
575 504 685 552 acon.
704 484 744 562 I,
766 479 927 566 dierecte,
948 483 984 551 in
1003 481 1189 553 maxumin

224 587 227 591 ’
270 594 391 663 malam
409 616 554 662 crucem.

123 729 249 776 nmen.
276 708 387 795 Quam
411 704 515 798 magis
544 702 721 797 adspecto,
740 717 809 770 tarn
828 702 936 798 magis
955 717 1004 773 est
1027 704 1190 826 nimbata,

270 830 303 884 et
321 841 420 910 nugae
443 839 553 884 merae.
676 850 677 854 ¹
1158 839 1191 878 u

122 949 274 996 arecon.
295 929 438 1018 Segrega
460 920 674 993 sermonem:
693 920 801 991 taedet
823 946 932 994 econ.
946 928 1036 1019 Age,
1055 927 1191 997 sustolle
1232 946 1239 971 ²

270 1036 335 1104 hoc
350 1034 543 1105 amiculum.
798 1053 800 1057 ’

123 1171 276 1217 roscen.
305 1151 393 1216 Pura
418 1171 520 1215 sum:
546 1168 726 1238 conperce,
745 1146 886 1231 amabo,
912 1171 966 1214 me
987 1143 1191 1231 adtrectare,

270 1255 513 1352 Agorastocles.
1209 1328 1212 1340 ,.

126 1392 233 1438 icon.
255 1366 347 1456 Quid
364 1391 464 1474 agam
485 1363 604 1434 nunc?
629 1364 662 1432 Si
687 1365 813 1459 sapias,
832 1390 948 1434 curam
971 1366 1061 1436 hanc
1088 1342 1194 1436 facere

273 1476 439 1570 conpendi
459 1491 563 1570 potes.

125 1611 281 1657 nostru.
314 1587 407 1676 Quid
425 1612 487 1681 ego
504 1611 596 1654 nunc
615 1599 647 1652 te
670 1587 807 1655 curem?
844 1611 952 1657 econ.
988 1587 1082 1676 Quid
1104 1589 1194 1683 agis,

271 1697 438 1792 Milphio?
453 1721 578 1767 mrtem
595 1698 681 1764 Ecce
694 1695 810 1765 odium
825 1722 946 1767 meum.

130 1861 229 1926 aii-53.
247 1892 286 1902 -·
305 1861 446 1916 Constiterit
462 1863 640 1932 lymphaticum.
686 1856 745 1912 deri
764 1861 920 1916 nimbatam.
941 1862 1103 1928 Imbuebent
1125 1863 1196 1916 enim

131 1941 323 2014 Adelphasium
356 1943 499 2012 pollicetur
528 1940 641 1993 medici·
686 1941 775 1993 colore
793 1940 905 2009 eodem,
927 1943 974 2015 qui
1001 1955 1069 1996 esset
1091 1943 1199 2014 capillo·

128 2042 200 2087 nam,
213 2040 295 2093 seque
307 2022 482 2088 effecturam,
496 2033 526 2074 ut
537 2022 559 2073 si
571 2017 605 2072 ad
615 2039 643 2073 se
686 2039 748 2072 rum
764 2039 771 2074 ε
791 2022 864 2075 unde
883 2023 970 2076 fasciae
981 2022 1124 2076 caterina
1139 2038 1199 2078 osoe

129 2101 283 2155 deserantur
292 2101 446 2173 lymphatici
458 2101 571 2164 nummi,
580 2119 643 2153 con·
687 2119 700 2151 a
714 2115 803 2155 vetere
818 2116 896 2174 poeta
916 2115 1118 2175 nuncupantur,
1140 2104 1160 2158 i.
1176 2121 1197 2157 e.

130 2181 239 2245 sistant,
260 2181 397 2252 quietique
418 2181 580 2242 reddantur,
602 2199 643 2233 sa·
686 2181 791 2235 colaria.
804 2183 1069 2246 Munus-Docte,
1083 2183 1198 2236 nisallor

129 2273 193 2314 nato
208 2261 338 2314 luroreet
356 2262 521 2333 lymphatico
537 2260 641 2313 morbo.
687 2261 758 2331 ipse,
779 2276 851 2316 errat
873 2263 1017 2316 Meursius.
1039 2263 1108 2315 Nam
1133 2260 1199 2333 quid

131 2341 176 2394 Sic
198 2341 294 2395 Cicero
312 2339 395 2394 dicit:
419 2343 505 2414 tEjus
526 2354 643 2394 mentem
687 2340 721 2392 ed
737 2342 878 2397 hamorem
892 2340 1199 2397 frontatesmmbrtsed

131 2439 186 2474 non
202 2422 365 2474 consistere»
371 2423 438 2492 ,qui
455 2423 546 2475 furore
560 2433 586 2474 et
599 2440 643 2474 re·
687 2420 803 2492 Milphio
823 2425 991 2476 meretricem
1013 2440 1141 2493 spernere
1155 2440 1200 2474 vo·

131 2499 223 2555 cordia
240 2501 356 2571 percitus
372 2514 428 2554 est
446 2522 493 2574 qu1
509 2521 582 2554 enim
601 2502 644 2553 iu·
687 2501 754 2566 luit,
773 2516 800 2555 et
812 2503 921 2567 nimbo
937 2502 1038 2557 scilicet
1056 2520 1131 2554 vanu
1146 2521 1199 2565 rer

130 2580 195 2633 riosi
209 2592 286 2645 sunt,
303 2583 436 2651 jactantur
455 2593 481 2634 et
499 2583 644 2652 agitentur,
688 2599 746 2634 earn
767 2584 938 2648 assimilavit,
955 2600 1035 2654 quam
1050 2579 1135 2633 modo
1154 2600 1200 2633 no·

130 2678 218 2731 neque
233 2660 274 2711 vel
290 2678 405 2731 corpore
419 2663 461 2714 rel
475 2663 565 2714 arrimo
579 2680 643 2713 cou-
688 2662 774 2714 luerat
789 2664 831 2715 vel
853 2664 957 2717 nebule
971 2661 1070 2733 cyatho
1085 2673 1200 2720 emtum,

131 2739 268 2812 quiescere
280 2753 398 2809 possunt.
409 2741 644 2793 Tuum—Forsan
688 2760 727 2794 vs.
745 2745 791 2794 62.
805 2743 838 2794 N.

131 2831 158 2872 et
171 2817 346 2872 similitudine
359 2821 476 2873 nominis
485 2821 645 2892 lymphatici
732 2823 797 2893 137.
812 2823 880 2874 Para
892 2841 953 2876 sum.
964 2823 1035 2873 Dum
1046 2821 1124 2892 jubet
1131 2821 1203 2890 Ago·

131 2917 192 2951 cum
201 2898 310 2970 lympha
319 2912 443 2952 currente
452 2901 645 2972 luserit,quum
688 2903 831 2968 rastocles,
843 2914 872 2955 ut
884 2902 1047 2965 amiculum,
1062 2898 1137 2971 quod
1152 2901 1201 2952 hu·

133 2977 206 3031 dicat
218 2997 245 3030 se
257 2978 387 3031 facturam
398 2991 429 3031 nt
437 2981 570 3033 consistat.
579 2982 612 3033 N.
689 3002 763 3035 mum
785 2983 909 3035 verrebat
929 2979 1069 3045 sustollat;
1097 2991 1123 3031 et
1145 2980 1202 3051 ipse

175 3057 241 3111 135.
256 3057 308 3110 Est
323 3058 440 3112 nimbata.
455 3060 570 3112 Nimbus
589 3073 646 3112 erat
689 3061 757 3114 illud
779 3063 872 3115 tollere
895 3061 1033 3124 annitens,
1052 3060 1147 3130 paullo
1169 3059 1202 3110 li·

132 3137 212 3192 iascia
230 3137 372 3190 frontalis:
390 3157 451 3191 nam
471 3158 554 3211 quum
571 3140 645 3192 frons
690 3142 793 3195 centius
810 3141 1003 3212 Adelphasium
1023 3139 1201 3192 attrectabat:

104 3240 106 3244 ⁴
132 3217 297 3289 pervaderet
316 3217 409 3271 formu
426 3216 523 3271 decora
538 3231 645 3289 reputa·
690 3220 762 3293 quod
778 3240 847 3294 aegre
859 3223 946 3275 ferens
960 3219 1063 3292 puella,
1076 3230 1166 3290 rogat,
1175 3216 1202 3270 id

131 3311 219 3361 retur,
237 3310 267 3349 ut
286 3296 501 3368 magnitudinem
521 3296 646 3352 dissimu·
689 3321 723 3355 ne
736 3302 827 3368 iaciat,
838 3300 973 3374 quumsit
988 3319 1003 3353 a
1017 3299 1076 3351 viro
1093 3296 1201 3369 pudice.

131 3378 187 3430 lare
203 3388 325 3448 possent,
340 3379 477 3432 nonnulla
488 3379 581 3431 formae
591 3393 647 3432 stu·
690 3383 783 3436 Lesas.
793 3415 832 3423 -
844 3382 886 3436 Cf.
896 3381 969 3435 Asin.
981 3381 1031 3443 tv,
1051 3396 1077 3440 1,
1094 3381 1142 3431 61.

132 3456 213 3509 diosas
236 3457 334 3509 nimbis
357 3476 414 3511 eam
438 3458 644 3512 imminuebant.
685 3508 686 3515 ,
713 3455 798 3531 ¹139.
825 3461 895 3531 Quid
913 3480 959 3530 ego
978 3478 1041 3512 nanc
1058 3469 1080 3509 tc
1101 3463 1203 3510 cunm?

132 3535 237 3588 Arnob.
253 3536 300 3587 lib.
316 3537 361 3587 11:
377 3539 523 3592 aLaminas
537 3553 646 3610 pertun·
689 3543 753 3595 llaec
771 3559 831 3612 qum
853 3541 933 3611 vulgo
954 3535 1204 3611 Agorastoclidun-

132 3615 355 3677 derenteurium,
369 3617 559 3672 imminuerent
571 3620 645 3671 fron·
688 3634 747 3685 tur,
771 3622 807 3673 sic
830 3619 957 3674 ridentur
977 3622 1086 3672 absone.
1108 3617 1203 3688 Itaque

131 3708 170 3749 tes
183 3695 297 3758 nimbis,
318 3695 428 3766 fuligine
444 3699 535 3751 oculos
555 3699 645 3751 inum·
689 3714 792 3754 mutare
803 3699 876 3753 docti
890 3701 1045 3752 laborarunt
1056 3696 1098 3748 vel
1112 3697 1203 3762 uQaid

130 3773 644 3846 brarent·.Ethosipsosnirubostam
690 3799 738 3852 ego
760 3799 833 3833 nunc
854 3779 968 3834 curem?
986 3806 997 3827 »
1018 3777 1061 3831 rel
1086 3777 1204 3840 «Qutdr

130 3854 228 3910 callide
237 3853 455 3922 dissimulabant,
479 3871 509 3912 ut
520 3877 587 3929 egre
598 3877 644 3911 co·
690 3879 739 3932 ego
753 3880 807 3912 non
825 3874 851 3913 te
868 3859 981 3913 curem?
996 3884 1006 3904 ι
1023 3856 1086 3928 quia
1100 3875 1165 3908 nuuc
1179 3872 1205 3910 et

128 3935 220 4008 gnosci
232 3948 349 4006 possent.
366 3936 433 3990 lude
446 3950 500 4001 est,
517 3937 591 4010 quod
605 3937 645 3990 di·
689 3960 738 3992 nan
751 3941 827 3993 l‘acile
840 3940 907 3994 MSS
919 3937 1133 3993 confunduntur.
1151 3937 1205 3990 Sed

128 4028 171 4070 cat
184 4016 229 4068 hic
245 4014 379 4086 Milphio,
401 4019 570 4071 meretricem
589 4036 643 4089 quo
687 4022 771 4073 haeret
786 4020 886 4085 oratio,
900 4020 922 4076 si
938 4033 965 4073 et
981 4014 1204 4070 antecedentibus

129 4095 257 4150 attentius
272 4095 435 4165 intueretur,
451 4098 583 4167 eumagis
605 4099 644 4150 ri·
688 4114 714 4154 ct
725 4101 965 4172 sequentibuseam
975 4096 1137 4152 concinnare
1146 4109 1205 4150 ten·
