2654 4778
119 395 350 416 mmmm
358 370 1188 419 mmmmmmmmmfflm

251 599 337 724 M.
388 594 659 725 ACCII
715 599 1060 727 PLAUTI

339 887 341 890 >
379 847 722 953 saasruarrs
749 872 939 954 uunru

236 1113 1079 1290 POENULUS.

338 1607 595 1714 ACTUS
640 1606 967 1712 PRIMUS.

514 1833 801 1861 »ψ-

423 2004 583 2093 SCEN
590 2005 629 2088 A
660 2002 882 2092 PRIMA.

306 2186 736 2271 roonisrocnus
762 2187 1003 2260 umento.

123 2427 229 2473 aeon.
241 2361 358 2478 Sara·
379 2428 430 2471 res
451 2400 572 2470 multas
590 2401 651 2469 tibi
671 2401 836 2491 mandavi,
856 2401 1017 2498 Milphio,

121 2513 268 2599 Dubias,
287 2537 425 2608 egenas,
443 2512 612 2606 inopiosas
634 2510 769 2595 consili,

122 2625 213 2712 Quas
232 2638 270 2691 tu
288 2623 472 2717 sapienter,
491 2621 588 2690 docte
603 2675 612 2706 ,
626 2636 659 2688 et
677 2620 829 2706 cordate,
851 2635 883 2690 et
898 2637 971 2691 cate

123 2733 207 2802 Mihi
230 2733 403 2802 reddidisti
420 2733 574 2826 opiparas
597 2745 793 2824 operatua,

124 2844 256 2935 Quibus
275 2869 336 2939 pro
355 2843 536 2913 benefactis
554 2841 662 2911 fateor
680 2840 792 2909 deberi
815 2842 892 2926 tibi,

123 2958 163 3024 Et
184 2954 371 3024 libertatem
392 2969 427 3022 et
447 2952 570 3023 multas
590 2952 711 3047 grateis
733 2952 867 3045 gratias.
1176 2979 1189 3018 a

123 3088 247 3133 umen.
260 3064 388 3132 Scitum
399 3063 455 3148 'st,
465 3088 525 3157 per
540 3078 671 3156 tempus
682 3062 709 3129 si
727 3062 860 3129 obviam
869 3061 895 3136 it
904 3061 1062 3146 ,verbum
1075 3082 1186 3138 vetus:

122 3175 208 3243 Nam
226 3188 291 3242 tuae
307 3172 475 3242 blanditiae
497 3173 580 3240 mihi
599 3186 694 3258 sunt,
713 3172 802 3265 quod
821 3171 886 3240 dici
905 3171 1004 3258 solet,

124 3284 237 3351 Gerrae
252 3308 437 3378 germanae,
451 3299 571 3377 atque,
590 3280 729 3378 edepol,
749 3281 831 3351 liroe
851 3282 945 3351 liroe.

162 3479 188 3528 7.
205 3457 297 3511 Scitum
312 3460 361 3522 Ὦ,
384 3471 434 3512 etc.
448 3458 571 3511 Verbum
586 3477 631 3511 ve·
674 3457 750 3511 aliter
763 3469 843 3528 atque
856 3457 911 3528 ipse
927 3458 1071 3512 aestimabat
1085 3464 1185 3517 oratio·

125 3554 163 3591 tus
172 3537 241 3591 illud
253 3552 308 3592 est:
324 3538 410 3592 Gerroe
425 3552 448 3590 et
463 3538 532 3591 lime.
549 3537 630 3604 Quod
673 3555 736 3590 nem
746 3536 929 3590 adolescentia.
942 3538 1017 3603 Jam,
1040 3566 1051 3587 ι
1061 3558 1109 3609 per
1118 3556 1185 3597 tem·

125 3631 211 3689 aperte
225 3617 370 3672 ostendunt
383 3619 443 3671 illa:
457 3619 523 3690 quod
533 3620 583 3671 dut
594 3639 631 3669 so-
674 3636 724 3688 pus
740 3618 760 3670 si
776 3617 882 3669 obviam
894 3617 915 3670 it
926 3643 953 3679 ι,
969 3631 1016 3684 est,
1026 3619 1047 3671 si
1060 3638 1109 3673 suo
1122 3623 1182 3677 loeo

124 3700 162 3749 let.
172 3698 207 3750 Et
219 3698 340 3769 quamvis
353 3697 434 3762 illud,
450 3698 544 3765 Geme,
560 3699 628 3763 liroe,
674 3710 701 3750 et
713 3710 836 3768 ternpore
854 3697 882 3749 in
900 3712 1017 3752 mentem
1034 3702 1124 3755 venit:
1139 3717 1186 3758 aut

123 3793 171 3831 etc.
183 3792 239 3831 tam
257 3779 348 3849 magni
363 3779 492 3831 momenti
507 3797 563 3831 non
579 3778 630 3841 sit,
675 3777 696 3829 ei
714 3789 868 3847 opportune
891 3777 1017 3848 objicitur
1037 3778 1065 3831 in
1078 3799 1187 3853 respon.

124 3872 152 3912 ut
169 3870 242 3910 tanta
263 3877 326 3911 cum
345 3859 498 3929 praefatione
514 3856 632 3928 proferri
675 3856 803 3910 sionibus.
819 3858 926 3910 Prsroa.

122 3936 262 4002 debuerit,
281 3951 392 4009 apparet
412 3952 501 3992 tamen
525 3957 630 3990 nervum
718 3955 746 4004 9.
757 3937 828 3988 Liroe
837 3938 904 3989 lime.
916 3938 1025 3991 Plautus
1037 3942 1186 4012 scripserat,

123 4017 218 4086 jocari3
232 4029 258 4070 et
270 4016 343 4087 quod
361 4037 455 4089 magno
471 4030 567 4071 conatu
580 4036 633 4070 coe-
678 4020 743 4085 λῆροι
754 4023 835 4087 tipo,
848 4017 891 4069 vel
903 4017 979 4078 leroe,
1002 4019 1072 4071 [ενοι.
1087 4024 1187 4078 Delirus

123 4110 216 4167 perat,
244 4097 273 4151 in
297 4099 382 4153 risum
407 4097 554 4152 desinere:
579 4116 634 4150 uon
680 4107 768 4149 autem
784 4108 809 4150 et
822 4096 939 4164 delirare,
957 4098 1031 4168 quod
1044 4100 1088 4153 hic
1102 4104 1188 4175 appii.
