2654 4778
430 352 603 422 Actus
627 352 662 435 I,
688 350 851 420 SCENA
876 351 904 417 Ι,
1149 347 1191 420 15

80 530 81 535 ,
155 475 291 570 Cupidine
308 476 403 569 ejus:
424 474 481 544 sed
500 472 619 543 lenone
643 475 727 543 istoc
744 476 852 568 Lyco,

153 579 225 655 Illius
245 587 395 673 domino,
410 610 480 654 non
502 582 610 653 lutum
618 582 659 652 'st
680 582 887 653 lutulentius.
1167 604 1194 644 ³·

153 713 252 768 urum.
283 696 361 767 Vin’
382 711 420 765 tu
444 694 491 764 illi
522 719 667 789 nequam
689 693 768 763 dare
793 693 908 764 nunc?
935 717 1043 764 aeon.
1070 692 1193 789 Cupio.

271 831 397 880 return.
429 804 499 876 En!
520 832 574 875 me
595 805 685 874 dato.

151 936 235 988 aeon.
253 921 336 1004 Abi,
356 918 530 988 dierectus.
544 941 674 987 utinen.
694 916 760 985 Die
776 916 860 984 mihi
876 939 956 984 uero
978 916 1064 985 serio
1078 941 1088 985 t

150 1023 209 1096 Vin'
224 1030 301 1099 dare
318 1027 446 1099 malurn
465 1026 542 1096 illi?
562 1050 672 1097 neon.
693 1026 816 1121 Cupio.
838 1046 964 1124 nrurn.
978 1022 1080 1096 Hem!
1098 1050 1192 1096 eum·

271 1140 348 1208 dem
371 1164 424 1207 me
446 1138 536 1207 dato.

147 1246 334 1344 Utrumque,
353 1248 451 1334 laxo,
467 1247 622 1329 habebit,
642 1261 676 1316 et
694 1270 837 1339 nequam
855 1260 889 1314 et
908 1242 1046 1315 malum.

144 1381 234 1430 loon.
251 1364 379 1430 Jocare.
397 1380 524 1428 urm.
540 1355 618 1426 Vin’
640 1371 678 1426 tu
696 1355 788 1425 illam
809 1355 909 1424 hodie
930 1356 1001 1425 sine
1020 1355 1143 1426 damno
1160 1370 1195 1426 et

271 1468 450 1564 dispendio
1168 1483 1195 1526 at

137 1581 215 1669 Tuo,
232 1595 326 1650 tuam
344 1578 497 1648 libertam
516 1575 647 1647 facere?
662 1600 773 1647 neon.
787 1577 916 1670 Cupio,
934 1574 1097 1671 Milphio.

131 1713 249 1760 urmes.
263 1695 337 1785 Ego
358 1688 483 1758 faciam·
496 1703 533 1757 ut
555 1687 657 1758 facias
674 1700 782 1757 :sunt
800 1686 860 1755 tibi
880 1689 975 1757 intus
992 1688 1086 1757 aurei

128 1801 280 1870 Trecenti
295 1800 392 1869 numi
408 1797 588 1894 Philippei.
610 1821 718 1868 eoou.
738 1798 892 1867 Sescenti
910 1821 1055 1892 quoque.

125 1933 253 1981 return.
273 1911 360 1980 Satis
379 1922 457 1977 sunt
476 1908 629 1978 trecenti.
648 1931 756 1979 noos.
772 1907 865 1996 Quid
880 1907 1051 1978 facturus?
1068 1931 1194 1977 return.

271 2021 371 2088 Tace.

122 2133 249 2198 Totum
268 2126 423 2197 lenonem
442 2128 503 2197 tibi
521 2152 599 2196 cum
621 2142 692 2198 tota
714 2127 841 2197 familia
972 2130 974 2136 ’
1170 2152 1197 2195 ιο

121 2240 225 2310 Dabo
237 2239 336 2308 hodie
346 2238 446 2319 dono.
464 2262 571 2309 soon.
582 2238 677 2326 Quid
694 2237 863 2307 facturus?
876 2258 1004 2308 ninere.
1017 2241 1092 2307 Jam
1106 2238 1199 2309 scies.

122 2352 218 2419 Tuus
237 2348 444 2444 Collybiscus
464 2373 555 2418 nunc
574 2349 612 2417 'in
630 2349 764 2418 urhe'st
781 2346 932 2434 villicus,

121 2464 214 2528 Eum
231 2459 287 2533 hic
303 2484 372 2527 non
392 2458 508 2553 gnovit
524 2456 601 2526 leno
615 2484 624 2526 ι
640 2455 735 2527 satin'
753 2455 943 2550 intellegis?

124 2581 238 2628 Aeon.
257 2555 442 2650 Intellego,
455 2553 569 2625 hercle
590 2581 597 2623 τ
618 2555 676 2624 sed
695 2579 762 2651 quo
779 2554 899 2623 evadas
917 2554 1041 2624 nescio.

124 2691 251 2738 urere.
267 2669 347 2758 Non
366 2665 452 2734 scis?
472 2688 581 2736 Aeon.
600 2668 696 2752 Non,
708 2662 830 2735 hercle.
849 2688 976 2735 utinen.
995 2668 1040 2735 At
1051 2689 1115 2760 ego
1128 2664 1198 2758 jam

273 2776 349 2845 faxo
366 2776 462 2845 scies.
1171 2793 1197 2840 ιε

123 2888 164 2955 Εἰ
184 2887 320 2956 dabitur
341 2911 480 2973 aurum,
501 2900 540 2954 ut
558 2884 601 2954 ad
620 2883 776 2953 lenonem
795 2883 941 2972 deferat,

124 2997 293 3091 Dicatque
311 3020 348 3066 se
367 2996 581 3092 peregrinum
596 3006 666 3064 esse
684 3021 726 3065 ex
746 2995 812 3065 alio
834 2994 980 3090 oppido;

170 3249 215 3301 30.
226 3245 316 3301 Lutum
330 3248 368 3300 'st
383 3245 455 3300 Pers.
466 3242 525 3311 111,
542 3267 569 3311 a,
591 3264 638 3310 ιο,
685 3259 740 3310 tus,
755 3259 850 3319 praeter
867 3247 1091 3318 exspectationem
1110 3249 1196 3321 subje-

127 3330 252 3400 impumt
262 3324 364 3381 dicitur
375 3344 425 3398 pro
436 3340 562 3396 nequam.
574 3324 609 3378 N.
684 3326 721 3379 cit
733 3345 740 3377 t
753 3349 764 3370 α
773 3325 832 3378 En!
847 3342 889 3378 me
903 3325 965 3378 dato
979 3351 1010 3392 ι,
1026 3327 1072 3397 qui
1082 3345 1197 3399 nequam

171 3404 218 3462 31.
245 3404 308 3461 Virt'
330 3419 357 3458 tu
379 3405 417 3459 teu·
441 3424 542 3476 nequam
570 3405 638 3458 dare.
685 3406 897 3458 sumTuxnns.

128 3490 241 3561 Nequam
263 3500 373 3541 ueteres
396 3486 563 3556 usurpabant
590 3502 641 3557 pro
729 3484 775 3538 32.
791 3484 925 3537 Diereetus.
936 3484 1034 3538 Bacch.
1048 3485 1099 3552 IV,
1116 3506 1141 3553 r,
1155 3508 1182 3559 7.

128 3566 251 3640 nequitia
270 3578 297 3620 et
315 3565 403 3630 malo,
416 3580 501 3637 quum
519 3565 599 3618 etiam
613 3564 642 3615 in
729 3572 775 3628 41.
791 3564 862 3633 Quid
866 3565 1002 3630 facturus?
1017 3566 1078 3618 Jam
1094 3565 1200 3631 dixerat

128 3648 239 3701 homine
252 3647 323 3699 malo
342 3659 369 3700 et
388 3647 513 3717 improbo
532 3660 644 3714 ponere·
688 3642 805 3714 Milphio
815 3642 880 3714 quid
892 3657 959 3698 esset
967 3645 1198 3720 facturus,nempe

128 3740 176 3781 tur
189 3764 198 3792 ,
217 3723 290 3779 unde
301 3728 376 3798 iocus
390 3724 437 3779 hic
450 3743 483 3777 ex
497 3724 642 3794 ambiguo:
689 3743 717 3778 se
727 3737 814 3777 totum
827 3722 951 3778 lenonem
960 3744 1022 3778 cum
1032 3736 1087 3778 tota
1100 3727 1201 3781 familie

129 3823 216 3881 quum
242 3804 315 3859 enim
337 3804 473 3858 dixisset:
499 3801 583 3856 «vin‘
605 3802 645 3855 illi
689 3803 771 3856 hodie
800 3800 928 3857 daturum
956 3804 1036 3860 dono.
1064 3807 1202 3872 Sententia

129 3886 193 3940 dare
206 3885 307 3939 malum
321 3911 331 3932 ι
345 3884 387 3950 „i.
398 3898 421 3938 e.
435 3882 647 3950 incommodare,
671 3899 675 3906 ·
691 3900 754 3954 ergo
765 3895 790 3935 et
799 3882 869 3969 prdo
883 3897 1013 3955 poscunt,
1030 3897 1059 3936 ut
1075 3885 1121 3939 hic
1138 3888 1202 3940 scri·

129 3967 227 4039 ut,qul
238 3964 395 4038 respondet,
405 3962 537 4018 intellexit
550 3981 557 4015 :
572 3963 647 4034 qussi
690 3964 771 4016 hatur
788 3981 795 4015 ε
817 3966 885 4035 «qul
904 3962 934 4018 id
954 3965 1092 4018 facturus?
1105 3991 1116 4014 ι
1134 3985 1201 4038 quo-

129 4059 220 4099 tamen
231 4045 266 4099 de
279 4063 307 4098 se
320 4045 446 4115 improbo
461 4062 537 4098 servo
553 4043 647 4113 loquu·
691 4039 773 4096 modo
785 4042 813 4096 id
826 4044 948 4097 effectum
961 4042 1054 4116 dabis?
1065 4044 1150 4098 Boxu.
1160 4078 1201 4089 -
