2654 4778
401 383 458 454 IN
481 386 781 477 POENULUM.

89 501 196 576 Nomen
211 506 283 602 jam
300 506 445 597 habetis3
466 534 557 579 nunc
577 510 723 579 rationes
741 523 875 580 caeteras

87 611 238 711 ldcipite:
255 641 334 685 nam
354 635 592 713 argumentum
608 619 673 691 hoc
695 621 770 690 heic
783 620 984 693 censebitur.

81 721 170 794 lucrm
185 740 382 820 argumento
389 724 429 796 ’st
447 753 543 798 suom
561 729 624 798 sibi
642 731 868 824 proscenium.

79 833 134 904 Vos
145 835 309 928 juratores
324 838 421 925 estis3
437 863 566 933 quaes0‚
588 863 726 934 operam
746 840 832 912 date.

73 944 364 1041 Carthaginiensem
383 946 501 1018 fratres
518 948 698 1044 patrueleis
718 948 786 1020 duo

67 1057 185 1143 Fuere,
208 1081 340 1126 summo
361 1082 482 1153 genere
502 1073 537 1130 et
553 1060 694 1130 summis
712 1058 860 1130 divitiis:

62 1167 186 1235 Eorum
206 1165 289 1236 alter
305 1167 407 1256 vivit,
426 1167 510 1238 alter
527 1185 576 1240 est
594 1185 778 1240 emortuus.

58 1279 240 1370 Propterea
259 1276 349 1372 apud
368 1302 426 1347 vos
443 1277 519 1349 dico
536 1279 778 1364 confidentius,

58 1387 151 1476 Quia
168 1386 252 1455 milri
269 1386 449 1482 pollinctor
466 1389 565 1478 dixit,
583 1392 642 1485 qui
662 1416 740 1461 eum
758 1389 968 1485 pollinxerat.

57 1495 127 1566 Sed
146 1494 197 1565 illi
214 1499 301 1583 seni,
317 1499 377 1592 qui
394 1516 549 1569 mortuus
566 1514 637 1582 est,
653 1498 742 1570 filius

56 1606 191 1677 Unicus
207 1608 266 1701 qui
282 1608 411 1695 fuerat,
428 1608 597 1679 abditivus
615 1635 635 1679 a
653 1623 765 1704 patre,

56 1721 149 1787 Puer
167 1721 359 1813 septuennis
379 1719 565 1813 subripitur
581 1718 803 1814 Carthagine,

56 1828 228 1897 Sexenuio
246 1827 332 1923 pri'u’
350 1827 501 1923 quidem,
520 1853 620 1922 quam
643 1828 786 1898 moritur
804 1840 908 1921 pater.

60 1937 236 2026 Quoniam
260 1939 397 2033 periisse
415 1938 478 2008 sibi
497 1938 589 2008 videt
610 1953 748 2033 gnatum
772 1937 929 2022 unicum,

59 2045 253 2139 Conjicitur
271 2047 340 2141 ipse
360 2049 395 2116 in
411 2048 566 2118 morbum
585 2073 624 2117 ex
647 2046 854 2142 aegritudine.

59 2156 159 2229 Facit
177 2154 284 2227 illum.
295 2156 462 2227 haeredem
478 2158 616 2228 fratrem
635 2158 820 2254 patruelem
833 2180 942 2227 suum.
1106 2187 1131 2227 r·

59 2369 292 2445 pultiphagonidss
301 2396 328 2423 ι.
337 2371 427 2437 Quam
432 2372 575 2426 lectionem
616 2371 702 2426 celent
711 2369 843 2424 homines.
854 2369 917 2422 Vox
929 2369 1049 2422 Romans
1064 2365 1131 2420 civi·

60 2469 117 2505 nec
130 2451 247 2522 probsre
264 2469 390 2522 possum,
401 2470 484 2523 quum
495 2453 577 2505 nimis
616 2463 670 2505 tate
689 2450 802 2511 donata,
824 2461 854 2503 ιιι
876 2448 1014 2518 Prologus,
1039 2445 1130 2498 anulo·

61 2533 146 2602 longe
162 2530 238 2583 abest
254 2529 380 2602 ascripta
394 2531 508 2585 lectione
521 2550 577 2585 om·
615 2535 698 2601 giam,
716 2530 829 2598 elogium.
841 2528 942 2582 Gneus.
952 2527 1059 2582 -Suom
1071 2525 1128 2579 sibi.

60 2612 141 2665 nium
154 2607 287 2664 codicum.
299 2609 376 2664 Idem
388 2623 577 2665 oensusmanet
617 2610 724 2682 Captis.
736 2608 809 2662 Prol.
826 2607 852 2663 ⁵.
868 2607 991 2662 Giisnius
1004 2604 1130 2676 intelligit

60 2689 217 2760 exvulgats
232 2707 239 2742 :
257 2689 373 2744 «Latine
389 2691 515 2756 Plautus,
529 2711 576 2763 pa·
614 2693 764 2761 proscenium
788 2707 837 2760 per
864 2686 1030 2742 catachresin
1061 2683 1130 2738 illud

62 2783 141 2824 trum
150 2768 576 2840 pultiphegonidesn.0archeslo·
617 2769 692 2842 quod
707 2768 785 2822 datur
804 2779 867 2821 unte
880 2759 950 2839 (epi)
970 2765 1086 2820 isbulsm
1101 2764 1130 2817 in
1182 2780 1185 2787 ·

61 2848 128 2903 nius
138 2849 232 2902 Grssce
243 2861 355 2903 vocatur
368 2850 425 2903 base
436 2848 576 2916 comodis,
619 2868 698 2903 scena
741 2847 891 2919 agendam
935 2844 1129 2900 duriusculum.

63 2929 163 2984 Latiae
177 2928 302 2992 Plautus,
312 2928 447 2998 inscripsit
461 2930 577 2993 seilicet,
618 2929 664 2982 An
675 2940 755 3000 poeta
768 2928 873 2982 voluit:
889 2952 901 2975 ι
914 2938 945 2981 ιιι
961 2923 1033 2997 apud
1048 2924 1133 2978 tribu·

66 3036 80 3059 ι
90 3021 204 3080 patruus
218 3008 452 3080 pultiphsgonides
466 3035 497 3072 ι,
519 3009 537 3062 i.
552 3027 577 3063 e.
619 3010 662 3060 nal
677 3026 818 3061 censorum
831 3008 902 3060 bons
918 3006 1018 3059 cisium
1030 3003 1132 3058 censeri

70 3101 206 3159 «patruus
231 3088 356 3140 Poenulus
370 3113 396 3142 ι.
419 3089 480 3143 Νοιι
505 3089 577 3141 enim
620 3088 720 3151 soient,
745 3087 785 3140 sic
813 3098 972 3157 argumento
999 3082 1132 3138 censendo

62 3169 116 3222 soli
130 3167 282 3240 pultipbsgi
294 3168 423 3236 Romani,
441 3168 487 3222 sed
498 3169 578 3222 οιίιω
618 3168 694 3221 locus
706 3178 746 3220 est
759 3165 873 3220 idoneus
883 3165 1054 3238 proscenium
1066 3188 1078 3210 ι
1091 3166 1103 3213 i

63 3248 153 3301 Peeni.
166 3245 248 3300 Unde
258 3247 339 3318 pultis
348 3265 432 3316 genus
441 3246 515 3319 apud
528 3248 579 3301 Cs-
617 3248 621 3257 '
661 3248 708 3301 58.
721 3246 772 3297 Vos
786 3248 908 3314 juratores
926 3249 991 3297 estis.
1012 3243 1077 3296 Non
1092 3253 1132 3295 te·

65 3342 178 3390 sonem,
188 3327 233 3379 cui
245 3345 344 3379 nomen
355 3327 460 3381 Punica.
477 3329 564 3380 Suu.
619 3339 686 3387 stes,
706 3324 755 3380 sed
769 3342 891 3378 censores
905 3322 972 3377 dicti
980 3324 1131 3393 juratores.

108 3407 281 3460 Sidam
291 3418 399 3458 caterua
408 3406 490 3471 Quod
498 3418 579 3458 restst
621 3406 666 3476 qui
674 3401 849 3475 jurejurando
859 3401 1000 3473 odigebam
1009 3401 1038 3453 in
1049 3418 1132 3455 censu

65 3485 103 3540 de
121 3487 272 3541 rationibus
292 3484 474 3549 declarandis,
497 3499 527 3538 ut
547 3485 580 3538 fit
621 3485 701 3538 cives.
714 3482 787 3537 Vide
807 3500 867 3553 que
886 3481 1004 3535 diximm
1018 3480 1134 3534 Obsers.

66 3567 98 3618 in
108 3584 199 3620 censu.
212 3566 259 3618 Sic
272 3567 408 3636 Augustus
422 3565 581 3635 conscripsit
623 3565 675 3628 IV,
687 3563 713 3617 3.
722 3562 839 3616 Pessime
848 3560 1008 3616 Disssldreus
1018 3565 1133 3613 uiatores.

70 3645 269 3699 ιιιιὶοιιιιίιιιιι
283 3645 427 3716 imperii».
444 3646 580 3698 Hocloco
622 3644 712 3697 Gsos.
740 3671 781 3682 —
807 3642 914 3714 Operam
938 3642 993 3695 dat.
1022 3640 1133 3695 Curcul.

65 3725 253 3797 metaphoram
271 3738 350 3796 poeta
368 3725 465 3779 sumsit
482 3743 499 3778 a
516 3743 580 3777 cen·
621 3724 664 3788 11,
679 3744 706 3788 s,
721 3740 750 3790 9.

66 3824 119 3870 eu,
140 3804 328 3868 utCistell.1,
350 3805 385 3868 3,
400 3810 451 3867 40,
473 3823 491 3858 a
508 3822 581 3858 com·
665 3801 877 3864 suademus,
900 3801 949 3874 qui
962 3800 1072 3857 emite
1087 3817 1135 3871 ps·

67 3882 185 3956 putandi
198 3903 284 3937 more.
305 3883 340 3936 N.
627 3894 670 3935 tre
682 3894 827 3955 separatus.
843 3881 878 3935 Ν.

111 3964 158 4032 57.
176 3963 339 4015 Prusa-tn.
360 3963 518 4016 ItsLucret.
533 3963 585 4027 IV,
672 3980 716 4032 7⁰·
738 3961 875 4026 Fratrem„
893 3958 941 4029 qui
966 3977 1029 4012 mos
1050 3955 1139 4011 veuiet

74 4042 586 4114 1180:.Posuoeniuirn.‚erepnsi
630 4039 800 4113 Calydonem
837 4053 865 4094 et
894 4057 954 4092 suas
989 4036 1041 4090 sibi
1072 4037 1140 4090 filias

70 4123 218 4177 tralatione
240 4123 358 4193 appellat
382 4124 500 4177 ωιίοιιοι
520 4141 586 4193 quas
631 4121 772 4192 liliumque
786 4121 874 4175 fratris
884 4128 1016 4189 spaoscet.
1030 4116 1064 4170 m.

1147 4180 1251 4507 Ι
