2654 4778
153 445 159 453 .
204 385 226 455 8
590 386 877 457 PROLOGUS

200 511 244 580 Et
259 509 324 580 hoc
337 533 470 603 quoque
487 509 605 598 etiam,
623 509 713 603 quod
732 535 826 604 paene
843 507 968 579 oblitus
989 507 1058 578 fui:
1240 529 1267 573 to

200 623 294 690 Dum
314 616 384 687 ludi
405 617 512 705 fiunt,
530 619 566 687 in
587 619 765 713 popinam,
781 618 975 714 pedisequi,

201 730 435 824 inruptionem
452 729 570 816 facite3
588 754 679 799 nunc
696 729 777 799 dum
799 730 933 800 obcasio
945 728 1002 817 ’st,
1018 712 1039 771 s

202 843 303 912 Nunc
320 840 401 910 dum
421 839 589 909 scribilitae
607 854 765 924 aestuant,
783 840 964 909 obcurrite.

200 954 280 1021 Haec
305 952 456 1045 inperata
474 975 547 1044 quae
567 965 645 1020 suut
663 975 725 1045 pro
743 951 873 1046 inperio
891 949 1049 1035 histrico,

202 1065 352 1149 Bonum,
366 1060 495 1148 hercle,
509 1060 653 1148 factum,
670 1086 734 1155 pro
752 1087 786 1130 se
807 1062 948 1157 quisque
965 1077 1005 1131 ut
1020 1055 1219 1129 meminerit.
1242 1075 1268 1116 ⁴⁵

201 1171 257 1244 Ad
275 1178 510 1268 argumentum
532 1195 624 1241 nunc
643 1171 823 1241 vicissatim
842 1171 925 1241 volo'

201 1284 414 1378 Remigrare,
430 1307 524 1377 aeque
540 1296 579 1351 ut
600 1306 731 1351 mecum
749 1283 820 1351 sitis
836 1307 1009 1377 gnarures.

201 1392 283 1487 Ejus
300 1417 392 1461 nunc
409 1393 578 1487 regiones,
598 1389 740 1478 limites,
761 1391 906 1462 confinia

202 1502 463 1590 Determinabo;
480 1503 513 1571 'ei
532 1503 581 1570 rei
598 1526 661 1596 ego
681 1527 755 1572 sum
777 1503 885 1573 tactus
904 1501 1028 1571 finitor.

81 1659 98 1704 t
203 1612 270 1682 Sed
286 1613 351 1682 nisi
368 1611 544 1682 molestum
552 1613 610 1699 ’st,
629 1638 751 1682 nomen
774 1613 853 1682 dare
872 1613 968 1682 vobis
985 1609 1063 1680 volo
1246 1633 1272 1672 ⁵⁰

203 1722 391 1794 Comoediai
407 1749 414 1791 :
432 1725 484 1792 sin
500 1722 578 1792 odio
586 1723 663 1794 ’st...
673 1724 781 1794 dicam
801 1740 933 1812 tamen,

203 1831 376 1926 Siquidem
396 1831 509 1902 licebit
528 1858 587 1927 per
607 1833 698 1923 illos,
720 1834 842 1930 quibus
863 1835 968 1904 estin
987 1856 1100 1903 manu.

206 1942 456 2013 Carchedonius
472 1959 612 2013 vocatur
629 1945 700 2014 haec
714 1944 896 2030 comoedia,

175 2084 185 2100 ⁶
205 2053 327 2123 Latine
340 2051 494 2122 Plautus:
514 2056 657 2123 Patruus
675 2052 981 2150 pultiphagonides.

248 2211 295 2278 43.
307 2211 447 2265 Scribilitoe.
462 2209 587 2264 Scribilitc
604 2213 647 2266 vel
659 2217 720 2265 scri·
764 2214 876 2267 colonos
890 2211 980 2265 divisis
993 2223 1021 2264 et
1039 2208 1197 2282 adsignatis,
1209 2207 1277 2263 fines

207 2292 283 2354 tura,
298 2310 383 2363 genus
400 2292 538 2363 placente.
556 2291 671 2345 Scriblita
687 2311 719 2346 eo
765 2293 910 2347 constituit.
926 2291 970 2344 Sic
990 2303 1016 2344 et
1033 2290 1090 2344 Cic.
1110 2290 1184 2343 Orat.
1198 2290 1226 2342 11
1242 2289 1278 2342 de

207 2371 473 2442 fortasse.appellata
499 2385 554 2438 est,
577 2371 651 2443 quod
672 2372 720 2444 qui
765 2374 823 2443 lege
843 2391 928 2444 agrar.
953 2397 965 2420 ι
982 2371 1128 2424 Finitorem
1150 2369 1278 2433 mittant,

207 2470 266 2506 eam
280 2451 377 2522 lingit,
398 2464 523 2523 tanquam
544 2452 658 2505 scribit:
675 2463 722 2505 aut
765 2465 853 2506 ratum
868 2452 915 2514 sit,
928 2449 1003 2523 quod
1017 2450 1110 2503 finitor
1121 2449 1168 2502 uni
1183 2448 1240 2515 illi,
1262 2468 1278 2502 a

207 2529 284 2604 qnod
294 2543 362 2584 esset
376 2531 445 2584 notis
459 2529 618 2602 quibusdam
634 2532 721 2601 signa·
765 2551 821 2604 qno
847 2532 942 2584 missus
968 2530 1013 2595 sit,
1038 2529 1232 2583 renuntiaverit
1252 2554 1278 2581 ι.

207 2625 251 2678 ta,
266 2624 293 2665 et
312 2622 442 2681 tanquam
461 2611 560 2682 scripta
574 2609 721 2664 videretur.
764 2610 837 2666 Ibid.
862 2637 873 2659 ι
888 2609 1039 2664 Decemviri
1064 2628 1125 2663 cum
1146 2609 1278 2678 imperio,

208 2691 302 2744 Tuast.
765 2709 827 2744 cum
840 2691 965 2756 fascibus,
976 2709 1037 2743 cum
1047 2690 1092 2743 illa
1102 2687 1203 2741 delecta
1213 2687 1278 2740 fini·

252 2776 299 2834 44.
311 2769 361 2822 Pro
371 2773 471 2839 inperio.
479 2770 577 2841 Amph.
591 2770 663 2824 Prol.
673 2788 719 2823 st.
766 2783 854 2824 torum
869 2773 1012 2842 juventute
1023 2795 1047 2822 ι.
1062 2759 1168 2822 cnon*

251 2849 421 2913 45.Bonum,
436 2861 487 2903 etc.
500 2847 567 2902 vid.
582 2849 681 2904 vs.15.
808 2849 854 2903 ⁵1.
872 2851 962 2902 Dicam
977 2862 1069 2910 tamen,
1090 2849 1163 2900 lusus
1179 2858 1280 2917 prater

253 2936 300 3000 47.
320 2928 453 2982 Gnarum.
467 2929 559 2998 Vulgo
578 2933 722 2998 ignarrtrcs,
766 2942 948 3001 exspectatum
960 2943 1022 2999 post
1043 2929 1104 2981 «sin
1120 2925 1184 2979 odio
1196 2926 1229 2979 ’st
1245 2952 1279 2991 ι,

212 3007 286 3082 quod
298 3007 336 3062 sic
351 3008 463 3079 explicat
475 3008 635 3061 Turnebus:
648 3007 724 3060 Istud
767 3009 917 3080 cujusmodi
931 3009 1073 3063 sexcenties
1086 3004 1212 3060 vidimus.
1225 3005 1262 3059 N.

211 3093 338 3160 ignarum
351 3083 543 3158 ἀπροσδιόνυσον
555 3088 639 3140 risum
654 3089 725 3142 exci-
809 3091 852 3143 5².
866 3090 944 3153 illos,
959 3087 1058 3142 aediles.
1073 3117 1113 3128 -
1133 3085 1228 3156 Quibus
1242 3098 1281 3138 est

211 3169 293 3235 tavit,
308 3185 392 3240 quum
416 3167 578 3220 contrarium
604 3169 660 3238 ejus
678 3185 724 3220 ex·
767 3171 793 3221 in
804 3188 883 3222 manu.
899 3169 998 3238 Amph.
1014 3167 1086 3220 Prol.
1100 3170 1145 3222 80.

212 3240 345 3321 spectaret
353 3248 479 3319 populus.
487 3246 522 3298 Et
529 3265 622 3300 verum
636 3259 725 3300 tamen
810 3248 856 3312 54.
865 3249 973 3300 Patrrms
987 3243 1212 3318 Pultiplsagonr'des.
1226 3244 1279 3296 La-

153 3359 172 3395 ,ae
217 3327 303 3382 dixit:
322 3346 383 3380 nam
398 3344 460 3379 sane
476 3344 530 3378 non
544 3327 632 3378 minus
646 3326 725 3396 iguo·
766 3327 824 3381 tine
854 3328 991 3398 inscripsit
1019 3325 1183 3379 Poenulum:
1212 3340 1279 3394 ergo

130 3456 137 3463 .
214 3407 290 3462 rabat
305 3407 442 3477 regiones,
464 3405 578 3477 limites,
596 3405 724 3473 confinia,
768 3407 929 3477 Pultipltagcs
947 3404 1145 3460 Carchedonius
1163 3415 1216 3468 cst,
1232 3421 1281 3456 seu

214 3504 295 3558 quam
310 3485 491 3556 ignarissimus
506 3485 540 3539 de
551 3486 664 3557 populo.
681 3487 723 3540 Cf.
767 3486 874 3540 Poenus.
890 3486 985 3538 Poenos
998 3484 1171 3556 pultiphagus
1184 3483 1280 3559 spisse,

214 3565 332 3620 Mostell.
343 3565 373 3629 1,
387 3583 415 3624 a,
431 3583 475 3634 17.
492 3566 622 3634 ignorares
637 3566 726 3620 turbat
769 3577 925 3636 argumento
946 3578 987 3617 est
1004 3564 1078 3635 puls,
1092 3580 1151 3633 quae
1161 3581 1177 3615 a
1189 3563 1281 3614 Poenis

212 3657 330 3699 metrum
352 3655 393 3707 et,
415 3643 492 3696 senia
509 3644 628 3698 Turnebi
650 3643 724 3698 dixe·
769 3639 872 3704 Punica
887 3655 980 3697 vocata
997 3647 1136 3707 est,cujus
1151 3640 1281 3695 faciendae

213 3723 460 3788 rim,sententiam.
472 3723 507 3775 N.
677 3775 679 3778 Α
770 3723 901 3776 rationem
925 3722 1001 3776 docet
1025 3723 1102 3776 Cato.
1131 3722 1194 3776 Non
1216 3739 1282 3790 ergo

212 3818 217 3824 ·
254 3802 556 3874 48.llitu,argnmeuti;
569 3802 726 3874 ellipsispro
769 3803 931 3873 Pultiplsagus
953 3821 1003 3873 pro
1032 3802 1154 3854 llomnno
1183 3800 1284 3852 intelli·

219 3909 231 3932 ι
244 3882 367 3953 regiones
386 3881 414 3934 in
435 3882 533 3953 quibus
552 3882 640 3935 fabula
655 3882 726 3954 geri·
769 3881 870 3954 gendus
884 3879 968 3953 (qnod
981 3882 1039 3935 vult
1049 3880 1156 3934 doctiss.
1166 3876 1284 3945 Turn),

213 3963 350 4033 tnr,cujus
356 3973 543 4032 argumentum
551 3960 724 4015 edisseram».
770 3961 817 4014 sed
828 3962 936 4028 Poenus,
950 3973 982 4014 ut
995 3961 1106 4014 dictum.
1120 3960 1282 4012 scano..-

256 4041 415 4111 49.Finitor.
423 4041 529 4095 Dicitur
541 4042 651 4112 proprie
662 4041 724 4111 qui,
769 4041 877 4095 Mureto
891 4054 918 4095 et
939 4040 998 4095 aliis
1011 4037 1170 4112 quibusdam
1189 4038 1282 4108 place-

215 4121 319 4176 colonia
342 4119 475 4188 deducta,
498 4121 567 4191 agris
588 4121 617 4174 in
642 4135 725 4173 noros
768 4122 814 4175 hat
829 4120 899 4192 legi:
922 4121 1043 4176 «Latine
1059 4117 1146 4173 Plauti
1169 4129 1283 4189 patruus
