<?xml version="1.0" encoding="UTF-8"?>
<!DOCTYPE html PUBLIC "-//W3C//DTD XHTML 1.0 Transitional//EN"
    "http://www.w3.org/TR/xhtml1/DTD/xhtml1-transitional.dtd">
<html xmlns="http://www.w3.org/1999/xhtml" xml:lang="en" lang="en">
 <head>
  <title>
</title>
<meta http-equiv="Content-Type" content="text/html;charset=utf-8" />
  <meta name='ocr-system' content='tesseract 3.04.00' />
  <meta name='ocr-capabilities' content='ocr_page ocr_carea ocr_par ocr_line ocrx_word'/>
</head>
<body>
  <div class='ocr_page' id='page_1' title='image "bibliothecaclas17lemagoog_0052.png"; bbox 0 0 2654 4778; ppageno 0'>
   <div class='ocr_carea' id='block_1_1' title="bbox 351 349 1138 447">
    <p class='ocr_par' dir='ltr' id='par_1_1' title="bbox 351 349 1138 447">
     <span class='ocr_line' id='line_1_1' title="bbox 351 349 1138 447; baseline -0.001 -26"><span class='ocrx_word' id='word_1_1' title='bbox 351 352 529 422; x_wconf 76' lang='lat' dir='ltr'><strong>Aeros</strong></span> <span class='ocrx_word' id='word_1_2' title='bbox 553 354 613 438; x_wconf 88' lang='lat'><strong>11,</strong></span> <span class='ocrx_word' id='word_1_3' title='bbox 633 352 798 423; x_wconf 75' lang='lat' dir='ltr'><strong>sorus</strong></span> <span class='ocrx_word' id='word_1_4' title='bbox 827 354 854 421; x_wconf 92' lang='lat'><strong>1.</strong></span> <span class='ocrx_word' id='word_1_5' title='bbox 1089 349 1138 447; x_wconf 78' lang='lat'><strong>39</strong></span> 
     </span>
    </p>
   </div>
   <div class='ocr_carea' id='block_1_2' title="bbox 64 472 1138 1116">
    <p class='ocr_par' dir='ltr' id='par_1_2' title="bbox 65 472 1138 656">
     <span class='ocr_line' id='line_1_2' title="bbox 65 472 1138 545; baseline -0.003 0"><span class='ocrx_word' id='word_1_6' title='bbox 65 474 196 545; x_wconf 87' lang='lat' dir='ltr'><strong>Addiee</strong></span> <span class='ocrx_word' id='word_1_7' title='bbox 217 487 310 543; x_wconf 86' lang='lat' dir='ltr'><strong>tuam</strong></span> <span class='ocrx_word' id='word_1_8' title='bbox 328 474 410 542; x_wconf 91' lang='lat' dir='ltr'><strong>mihi</strong></span> <span class='ocrx_word' id='word_1_9' title='bbox 428 474 636 542; x_wconf 78' lang='lat' dir='ltr'><strong>meretricem</strong></span> <span class='ocrx_word' id='word_1_10' title='bbox 656 472 888 543; x_wconf 85' lang='lat' dir='ltr'><strong>minusculam.</strong></span> <span class='ocrx_word' id='word_1_11' title='bbox 1112 492 1138 534; x_wconf 71' lang='lat' dir='ltr'><strong>to</strong></span> 
     </span>
     <span class='ocr_line' id='line_1_3' title="bbox 65 583 830 656; baseline 0 -2"><span class='ocrx_word' id='word_1_12' title='bbox 65 608 147 656; x_wconf 72' lang='lat' dir='ltr'><strong>nc.</strong></span> <span class='ocrx_word' id='word_1_13' title='bbox 170 589 224 653; x_wconf 82' lang='lat' dir='ltr'><strong>Ito</strong></span> <span class='ocrx_word' id='word_1_14' title='bbox 242 610 293 653; x_wconf 86' lang='lat' dir='ltr'><strong>res</strong></span> <span class='ocrx_word' id='word_1_15' title='bbox 311 583 424 653; x_wconf 85' lang='lat' dir='ltr'><strong>divina</strong></span> <span class='ocrx_word' id='word_1_16' title='bbox 444 585 528 652; x_wconf 90' lang='lat' dir='ltr'><strong>mihi</strong></span> <span class='ocrx_word' id='word_1_17' title='bbox 550 585 639 653; x_wconf 87' lang='lat' dir='ltr'><strong>fuit:</strong></span> <span class='ocrx_word' id='word_1_18' title='bbox 662 609 712 654; x_wconf 87' lang='lat' dir='ltr'><strong>res</strong></span> <span class='ocrx_word' id='word_1_19' title='bbox 730 587 830 654; x_wconf 82' lang='lat' dir='ltr'><strong>serias</strong></span> 
     </span>
    </p>

    <p class='ocr_par' dir='ltr' id='par_1_3' title="bbox 66 693 858 764">
     <span class='ocr_line' id='line_1_4' title="bbox 66 693 858 764; baseline -0.001 0"><span class='ocrx_word' id='word_1_20' title='bbox 66 697 208 764; x_wconf 86' lang='lat' dir='ltr'><strong>Omueis</strong></span> <span class='ocrx_word' id='word_1_21' title='bbox 227 693 351 764; x_wconf 88' lang='lat' dir='ltr'><strong>extollo</strong></span> <span class='ocrx_word' id='word_1_22' title='bbox 368 721 409 764; x_wconf 84' lang='lat' dir='ltr'><strong>ex</strong></span> <span class='ocrx_word' id='word_1_23' title='bbox 430 695 494 764; x_wconf 92' lang='lat' dir='ltr'><strong>hoc</strong></span> <span class='ocrx_word' id='word_1_24' title='bbox 514 694 568 763; x_wconf 86' lang='lat' dir='ltr'><strong>die</strong></span> <span class='ocrx_word' id='word_1_25' title='bbox 585 697 621 763; x_wconf 88' lang='lat' dir='ltr'><strong>in</strong></span> <span class='ocrx_word' id='word_1_26' title='bbox 638 693 741 763; x_wconf 82' lang='lat' dir='ltr'><strong>alium</strong></span> <span class='ocrx_word' id='word_1_27' title='bbox 759 694 858 764; x_wconf 86' lang='lat' dir='ltr'><strong>diem.</strong></span> 
     </span>
    </p>

    <p class='ocr_par' dir='ltr' id='par_1_4' title="bbox 65 802 972 877">
     <span class='ocr_line' id='line_1_5' title="bbox 65 802 972 877; baseline -0.004 -1"><span class='ocrx_word' id='word_1_28' title='bbox 65 830 152 876; x_wconf 72' lang='lat' dir='ltr'><strong>Aur.</strong></span> <span class='ocrx_word' id='word_1_29' title='bbox 172 804 339 875; x_wconf 83' lang='lat' dir='ltr'><strong>Profestos</strong></span> <span class='ocrx_word' id='word_1_30' title='bbox 359 804 458 877; x_wconf 84' lang='lat' dir='ltr'><strong>festos</strong></span> <span class='ocrx_word' id='word_1_31' title='bbox 479 805 619 875; x_wconf 69' lang='lat' dir='ltr'><strong>habeam</strong></span> <span class='ocrx_word' id='word_1_32' title='bbox 639 803 809 875; x_wconf 85' lang='lat' dir='ltr'><strong>decretum</strong></span> <span class='ocrx_word' id='word_1_33' title='bbox 816 803 858 875; x_wconf 85' lang='lat' dir='ltr'><strong>’st</strong></span> <span class='ocrx_word' id='word_1_34' title='bbox 877 802 972 875; x_wconf 86' lang='lat' dir='ltr'><strong>mihi.</strong></span> 
     </span>
    </p>

    <p class='ocr_par' dir='ltr' id='par_1_5' title="bbox 64 914 1137 1116">
     <span class='ocr_line' id='line_1_6' title="bbox 64 914 1095 1009; baseline -0.002 -27"><span class='ocrx_word' id='word_1_35' title='bbox 64 938 146 984; x_wconf 73' lang='lat' dir='ltr'><strong>uc.</strong></span> <span class='ocrx_word' id='word_1_36' title='bbox 161 917 264 985; x_wconf 87' lang='lat' dir='ltr'><strong>Nunc</strong></span> <span class='ocrx_word' id='word_1_37' title='bbox 281 914 361 984; x_wconf 89' lang='lat' dir='ltr'><strong>hinc</strong></span> <span class='ocrx_word' id='word_1_38' title='bbox 378 939 514 983; x_wconf 78' lang='lat' dir='ltr'><strong>eamus:</strong></span> <span class='ocrx_word' id='word_1_39' title='bbox 532 938 669 1009; x_wconf 86' lang='lat' dir='ltr'><strong>sequere</strong></span> <span class='ocrx_word' id='word_1_40' title='bbox 683 914 747 982; x_wconf 87' lang='lat' dir='ltr'><strong>hac</strong></span> <span class='ocrx_word' id='word_1_41' title='bbox 765 939 829 982; x_wconf 88' lang='lat' dir='ltr'><strong>me.</strong></span> <span class='ocrx_word' id='word_1_42' title='bbox 853 938 934 985; x_wconf 72' lang='lat' dir='ltr'><strong>sur.</strong></span> <span class='ocrx_word' id='word_1_43' title='bbox 956 916 1095 1007; x_wconf 86' lang='lat' dir='ltr'><strong>Sequor.</strong></span> 
     </span>
     <span class='ocr_line' id='line_1_7' title="bbox 64 1021 1137 1116; baseline 0.006 -28"><span class='ocrx_word' id='word_1_44' title='bbox 64 1022 107 1089; x_wconf 89' lang='lat' dir='ltr'><strong>In</strong></span> <span class='ocrx_word' id='word_1_45' title='bbox 128 1021 220 1090; x_wconf 89' lang='lat' dir='ltr'><strong>hune</strong></span> <span class='ocrx_word' id='word_1_46' title='bbox 240 1021 327 1090; x_wconf 91' lang='lat' dir='ltr'><strong>diem</strong></span> <span class='ocrx_word' id='word_1_47' title='bbox 342 1023 414 1116; x_wconf 84' lang='lat' dir='ltr'><strong>jam</strong></span> <span class='ocrx_word' id='word_1_48' title='bbox 433 1037 509 1107; x_wconf 87' lang='lat' dir='ltr'><strong>tuos</strong></span> <span class='ocrx_word' id='word_1_49' title='bbox 530 1048 604 1093; x_wconf 87' lang='lat' dir='ltr'><strong>sum</strong></span> <span class='ocrx_word' id='word_1_50' title='bbox 623 1025 857 1094; x_wconf 86' lang='lat' dir='ltr'><strong>mercenarius.</strong></span> <span class='ocrx_word' id='word_1_51' title='bbox 1112 1041 1137 1082; x_wconf 76' lang='lat'><strong>⁶⁵</strong></span> 
     </span>
    </p>
   </div>
   <div class='ocr_carea' id='block_1_3' title="bbox 53 1219 1138 2011">
    <p class='ocr_par' dir='ltr' id='par_1_6' title="bbox 62 1219 1136 1294">
     <span class='ocr_line' id='line_1_8' title="bbox 62 1219 1136 1294; baseline 0.003 -22"><span class='ocrx_word' id='word_1_52' title='bbox 62 1219 93 1272; x_wconf 86' lang='lat' dir='ltr'><strong>in</strong></span> <span class='ocrx_word' id='word_1_53' title='bbox 104 1219 262 1292; x_wconf 82' lang='lat' dir='ltr'><strong>hujusmodi</strong></span> <span class='ocrx_word' id='word_1_54' title='bbox 274 1222 355 1275; x_wconf 84' lang='lat' dir='ltr'><strong>rebus</strong></span> <span class='ocrx_word' id='word_1_55' title='bbox 366 1221 563 1287; x_wconf 73' lang='lat' dir='ltr'><strong>contnhendis.</strong></span> <span class='ocrx_word' id='word_1_56' title='bbox 623 1221 743 1277; x_wconf 70' lang='lat' dir='ltr'><strong>(lendum</strong></span> <span class='ocrx_word' id='word_1_57' title='bbox 764 1235 804 1277; x_wconf 82' lang='lat' dir='ltr'><strong>est</strong></span> <span class='ocrx_word' id='word_1_58' title='bbox 821 1222 919 1287; x_wconf 82' lang='lat' dir='ltr'><strong>militi,</strong></span> <span class='ocrx_word' id='word_1_59' title='bbox 941 1234 967 1277; x_wconf 85' lang='lat' dir='ltr'><strong>et</strong></span> <span class='ocrx_word' id='word_1_60' title='bbox 991 1219 1136 1294; x_wconf 72' lang='lat' dir='ltr'><strong>legendum</strong></span> 
     </span>
    </p>

    <p class='ocr_par' dir='ltr' id='par_1_7' title="bbox 62 1295 1135 1534">
     <span class='ocr_line' id='line_1_9' title="bbox 107 1295 1135 1374; baseline 0.002 -22"><span class='ocrx_word' id='word_1_61' title='bbox 107 1301 153 1353; x_wconf 83' lang='lat'><strong>50.</strong></span> <span class='ocrx_word' id='word_1_62' title='bbox 180 1301 293 1366; x_wconf 83' lang='lat' dir='ltr'><strong>Addice,</strong></span> <span class='ocrx_word' id='word_1_63' title='bbox 321 1299 424 1367; x_wconf 84' lang='lat' dir='ltr'><strong>vende,</strong></span> <span class='ocrx_word' id='word_1_64' title='bbox 451 1295 479 1355; x_wconf 78' lang='lat' dir='ltr'><strong>et</strong></span> <span class='ocrx_word' id='word_1_65' title='bbox 503 1300 580 1356; x_wconf 77' lang='lat' dir='ltr'><strong>trade</strong></span> <span class='ocrx_word' id='word_1_66' title='bbox 622 1302 766 1371; x_wconf 80' lang='lat' dir='ltr'><strong>Profestos,</strong></span> <span class='ocrx_word' id='word_1_67' title='bbox 784 1301 891 1374; x_wconf 85' lang='lat' dir='ltr'><strong>quondo</strong></span> <span class='ocrx_word' id='word_1_68' title='bbox 906 1301 973 1355; x_wconf 81' lang='lat' dir='ltr'><strong>MSS</strong></span> <span class='ocrx_word' id='word_1_69' title='bbox 989 1301 1135 1369; x_wconf 76' lang='lat' dir='ltr'><strong>Profestos:</strong></span> 
     </span>
     <span class='ocr_line' id='line_1_10' title="bbox 62 1377 1135 1457; baseline 0.001 -25"><span class='ocrx_word' id='word_1_70' title='bbox 62 1377 343 1433; x_wconf 74' lang='lat' dir='ltr'><strong>venditamAddicere</strong></span> <span class='ocrx_word' id='word_1_71' title='bbox 352 1382 397 1435; x_wconf 86' lang='lat' dir='ltr'><strong>hic</strong></span> <span class='ocrx_word' id='word_1_72' title='bbox 406 1394 445 1436; x_wconf 80' lang='lat' dir='ltr'><strong>est</strong></span> <span class='ocrx_word' id='word_1_73' title='bbox 456 1381 580 1436; x_wconf 75' lang='lat' dir='ltr'><strong>vendito·</strong></span> <span class='ocrx_word' id='word_1_74' title='bbox 623 1381 697 1457; x_wconf 84' lang='lat' dir='ltr'><strong>quod</strong></span> <span class='ocrx_word' id='word_1_75' title='bbox 711 1396 738 1436; x_wconf 91' lang='lat' dir='ltr'><strong>et</strong></span> <span class='ocrx_word' id='word_1_76' title='bbox 751 1383 816 1436; x_wconf 78' lang='lat' dir='ltr'><strong>olibi</strong></span> <span class='ocrx_word' id='word_1_77' title='bbox 829 1382 924 1435; x_wconf 81' lang='lat' dir='ltr'><strong>Plauto</strong></span> <span class='ocrx_word' id='word_1_78' title='bbox 942 1400 993 1452; x_wconf 89' lang='lat' dir='ltr'><strong>pro</strong></span> <span class='ocrx_word' id='word_1_79' title='bbox 1006 1380 1054 1434; x_wconf 93' lang='lat' dir='ltr'><strong>illo</strong></span> <span class='ocrx_word' id='word_1_80' title='bbox 1071 1381 1135 1434; x_wconf 83' lang='lat' dir='ltr'><strong>sub·</strong></span> 
     </span>
     <span class='ocr_line' id='line_1_11' title="bbox 62 1458 1134 1534; baseline 0.001 -23"><span class='ocrx_word' id='word_1_81' title='bbox 62 1459 116 1523; x_wconf 84' lang='lat' dir='ltr'><strong>ris,</strong></span> <span class='ocrx_word' id='word_1_82' title='bbox 127 1458 264 1512; x_wconf 86' lang='lat' dir='ltr'><strong>interdum</strong></span> <span class='ocrx_word' id='word_1_83' title='bbox 276 1472 315 1514; x_wconf 87' lang='lat' dir='ltr'><strong>est</strong></span> <span class='ocrx_word' id='word_1_84' title='bbox 325 1461 455 1531; x_wconf 65' lang='lat' dir='ltr'><strong>pistoris.</strong></span> <span class='ocrx_word' id='word_1_85' title='bbox 466 1462 557 1516; x_wconf 66' lang='lat' dir='ltr'><strong>Lan.</strong></span> <span class='ocrx_word' id='word_1_86' title='bbox 621 1464 722 1534; x_wconf 79' lang='lat' dir='ltr'><strong>jectum</strong></span> <span class='ocrx_word' id='word_1_87' title='bbox 732 1461 760 1514; x_wconf 85' lang='lat' dir='ltr'><strong>in</strong></span> <span class='ocrx_word' id='word_1_88' title='bbox 774 1462 874 1532; x_wconf 82' lang='lat' dir='ltr'><strong>scripto</strong></span> <span class='ocrx_word' id='word_1_89' title='bbox 886 1460 1134 1515; x_wconf 69' lang='lat' dir='ltr'><strong>animadvertimus.</strong></span> 
     </span>
    </p>

    <p class='ocr_par' dir='ltr' id='par_1_8' title="bbox 61 1537 1138 1852">
     <span class='ocr_line' id='line_1_12' title="bbox 107 1537 1136 1614; baseline 0.001 -22"><span class='ocrx_word' id='word_1_90' title='bbox 107 1537 156 1592; x_wconf 85' lang='lat'><strong>51.</strong></span> <span class='ocrx_word' id='word_1_91' title='bbox 167 1539 208 1590; x_wconf 88' lang='lat' dir='ltr'><strong>Ita</strong></span> <span class='ocrx_word' id='word_1_92' title='bbox 219 1559 255 1592; x_wconf 85' lang='lat' dir='ltr'><strong>res</strong></span> <span class='ocrx_word' id='word_1_93' title='bbox 266 1540 315 1593; x_wconf 77' lang='lat' dir='ltr'><strong>dio.</strong></span> <span class='ocrx_word' id='word_1_94' title='bbox 325 1540 484 1606; x_wconf 79' lang='lat' dir='ltr'><strong>Quiahodie</strong></span> <span class='ocrx_word' id='word_1_95' title='bbox 493 1561 580 1594; x_wconf 84' lang='lat' dir='ltr'><strong>sacru·</strong></span> <span class='ocrx_word' id='word_1_96' title='bbox 624 1542 710 1605; x_wconf 84' lang='lat' dir='ltr'><strong>Mihi,</strong></span> <span class='ocrx_word' id='word_1_97' title='bbox 736 1541 825 1614; x_wconf 88' lang='lat' dir='ltr'><strong>inquit</strong></span> <span class='ocrx_word' id='word_1_98' title='bbox 840 1539 1064 1604; x_wconf 81' lang='lat' dir='ltr'><strong>Anthemonides,</strong></span> <span class='ocrx_word' id='word_1_99' title='bbox 1080 1558 1136 1593; x_wconf 86' lang='lat' dir='ltr'><strong>uon</strong></span> 
     </span>
     <span class='ocr_line' id='line_1_13' title="bbox 61 1615 1136 1692; baseline 0.003 -23"><span class='ocrx_word' id='word_1_100' title='bbox 61 1615 160 1683; x_wconf 72' lang='lat' dir='ltr'><strong>ficui,</strong></span> <span class='ocrx_word' id='word_1_101' title='bbox 171 1620 235 1671; x_wconf 89' lang='lat' dir='ltr'><strong>nolo</strong></span> <span class='ocrx_word' id='word_1_102' title='bbox 244 1620 324 1672; x_wconf 82' lang='lat' dir='ltr'><strong>serios</strong></span> <span class='ocrx_word' id='word_1_103' title='bbox 333 1638 376 1673; x_wconf 86' lang='lat' dir='ltr'><strong>res</strong></span> <span class='ocrx_word' id='word_1_104' title='bbox 386 1639 580 1691; x_wconf 79' lang='lat' dir='ltr'><strong>ogere‚nempe</strong></span> <span class='ocrx_word' id='word_1_105' title='bbox 623 1634 663 1674; x_wconf 82' lang='lat' dir='ltr'><strong>est</strong></span> <span class='ocrx_word' id='word_1_106' title='bbox 677 1621 725 1674; x_wconf 83' lang='lat' dir='ltr'><strong>illo</strong></span> <span class='ocrx_word' id='word_1_107' title='bbox 739 1621 850 1692; x_wconf 75' lang='lat' dir='ltr'><strong>religio,</strong></span> <span class='ocrx_word' id='word_1_108' title='bbox 868 1619 915 1674; x_wconf 85' lang='lat' dir='ltr'><strong>sed</strong></span> <span class='ocrx_word' id='word_1_109' title='bbox 928 1619 1083 1685; x_wconf 76' lang='lat' dir='ltr'><strong>decretum,</strong></span> <span class='ocrx_word' id='word_1_110' title='bbox 1104 1631 1136 1673; x_wconf 87' lang='lat' dir='ltr'><strong>ut</strong></span> 
     </span>
     <span class='ocr_line' id='line_1_14' title="bbox 62 1696 1137 1771; baseline 0.005 -21"><span class='ocrx_word' id='word_1_111' title='bbox 62 1696 259 1751; x_wconf 80' lang='lat' dir='ltr'><strong>venditionem.</strong></span> <span class='ocrx_word' id='word_1_112' title='bbox 284 1700 327 1751; x_wconf 87' lang='lat' dir='ltr'><strong>Ita</strong></span> <span class='ocrx_word' id='word_1_113' title='bbox 359 1700 481 1753; x_wconf 70' lang='lat' dir='ltr'><strong>causalis.</strong></span> <span class='ocrx_word' id='word_1_114' title='bbox 508 1699 580 1753; x_wconf 85' lang='lat' dir='ltr'><strong>Vide</strong></span> <span class='ocrx_word' id='word_1_115' title='bbox 623 1701 704 1754; x_wconf 77' lang='lat' dir='ltr'><strong>festos</strong></span> <span class='ocrx_word' id='word_1_116' title='bbox 726 1700 840 1754; x_wconf 73' lang='lat' dir='ltr'><strong>habeam</strong></span> <span class='ocrx_word' id='word_1_117' title='bbox 862 1701 1010 1771; x_wconf 78' lang='lat' dir='ltr'><strong>profestos,</strong></span> <span class='ocrx_word' id='word_1_118' title='bbox 1028 1697 1058 1753; x_wconf 84' lang='lat' dir='ltr'><strong>id</strong></span> <span class='ocrx_word' id='word_1_119' title='bbox 1080 1709 1137 1765; x_wconf 68' lang='lat' dir='ltr'><strong>nt,</strong></span> 
     </span>
     <span class='ocr_line' id='line_1_15' title="bbox 62 1775 1138 1852; baseline 0.001 -23"><span class='ocrx_word' id='word_1_120' title='bbox 62 1775 173 1848; x_wconf 80' lang='lat' dir='ltr'><strong>captiv.</strong></span> <span class='ocrx_word' id='word_1_121' title='bbox 185 1779 242 1843; x_wconf 88' lang='lat'>111,</span> <span class='ocrx_word' id='word_1_122' title='bbox 260 1777 287 1843; x_wconf 82' lang='lat'><strong>5,</strong></span> <span class='ocrx_word' id='word_1_123' title='bbox 303 1783 348 1834; x_wconf 82' lang='lat'><strong>16.</strong></span> <span class='ocrx_word' id='word_1_124' title='bbox 363 1779 399 1832; x_wconf 91' lang='lat' dir='ltr'><strong>N.</strong></span> <span class='ocrx_word' id='word_1_125' title='bbox 623 1798 675 1850; x_wconf 86' lang='lat' dir='ltr'><strong>pro</strong></span> <span class='ocrx_word' id='word_1_126' title='bbox 694 1780 828 1852; x_wconf 81' lang='lat' dir='ltr'><strong>profestis.</strong></span> <span class='ocrx_word' id='word_1_127' title='bbox 849 1779 917 1835; x_wconf 76' lang='lat' dir='ltr'><strong>lude</strong></span> <span class='ocrx_word' id='word_1_128' title='bbox 934 1780 1017 1835; x_wconf 78' lang='lat' dir='ltr'><strong>leno:</strong></span> <span class='ocrx_word' id='word_1_129' title='bbox 1037 1779 1138 1831; x_wconf 80' lang='lat' dir='ltr'><strong>«Nunc</strong></span> 
     </span>
    </p>

    <p class='ocr_par' dir='ltr' id='par_1_9' title="bbox 53 1855 1135 2011">
     <span class='ocr_line' id='line_1_16' title="bbox 105 1855 1135 1933; baseline 0 -23"><span class='ocrx_word' id='word_1_130' title='bbox 105 1855 155 1911; x_wconf 81' lang='lat'><strong>53.</strong></span> <span class='ocrx_word' id='word_1_131' title='bbox 178 1857 313 1925; x_wconf 79' lang='lat' dir='ltr'><strong>Profestos.</strong></span> <span class='ocrx_word' id='word_1_132' title='bbox 335 1859 443 1933; x_wconf 73' lang='lat' dir='ltr'><strong>Vulgo,</strong></span> <span class='ocrx_word' id='word_1_133' title='bbox 464 1860 579 1927; x_wconf 80' lang='lat' dir='ltr'><strong>Profecto</strong></span> <span class='ocrx_word' id='word_1_134' title='bbox 624 1876 715 1912; x_wconf 75' lang='lat' dir='ltr'><strong>eamus</strong></span> <span class='ocrx_word' id='word_1_135' title='bbox 734 1860 806 1914; x_wconf 86' lang='lat' dir='ltr'><strong>iutro</strong></span> <span class='ocrx_word' id='word_1_136' title='bbox 826 1877 960 1932; x_wconf 83' lang='lat' dir='ltr'><strong>:sequere</strong></span> <span class='ocrx_word' id='word_1_137' title='bbox 981 1859 1034 1913; x_wconf 81' lang='lat' dir='ltr'><strong>lure</strong></span> <span class='ocrx_word' id='word_1_138' title='bbox 1056 1875 1099 1910; x_wconf 86' lang='lat' dir='ltr'><strong>me</strong></span> <span class='ocrx_word' id='word_1_139' title='bbox 1111 1881 1135 1910; x_wconf 77' lang='grc' dir='ltr'><strong>ι.</strong></span> 
     </span>
     <span class='ocr_line' id='line_1_17' title="bbox 53 1936 749 2011; baseline 0.006 -23"><span class='ocrx_word' id='word_1_140' title='bbox 53 1936 155 2004; x_wconf 66' lang='lat' dir='ltr'><strong>sextos,</strong></span> <span class='ocrx_word' id='word_1_141' title='bbox 171 1937 246 2008; x_wconf 86' lang='lat' dir='ltr'><strong>quod</strong></span> <span class='ocrx_word' id='word_1_142' title='bbox 264 1936 330 1993; x_wconf 80' lang='lat' dir='ltr'><strong>dont</strong></span> <span class='ocrx_word' id='word_1_143' title='bbox 343 1939 436 2011; x_wconf 86' lang='lat' dir='ltr'><strong>Lyco,</strong></span> <span class='ocrx_word' id='word_1_144' title='bbox 457 1936 579 1993; x_wconf 83' lang='lat' dir='ltr'><strong>setlred·</strong></span> <span class='ocrx_word' id='word_1_145' title='bbox 620 1938 749 1995; x_wconf 75' lang='lat' dir='ltr'><strong>Gnouov.</strong></span> 
     </span>
    </p>
   </div>
   <div class='ocr_carea' id='block_1_4' title="bbox 0 0 1332 4778">
    <p class='ocr_par' dir='ltr' id='par_1_10' title="bbox 0 0 1332 4778">
     <span class='ocr_line' id='line_1_18' title="bbox 0 0 1332 4778; baseline 0 2"><span class='ocrx_word' id='word_1_146' title='bbox 0 0 1332 4778; x_wconf 95' lang='lat' dir='ltr'><strong> </strong></span> 
     </span>
    </p>
   </div>
  </div>
 </body>
</html>
