2654 4778
132 392 178 466 36
512 396 805 486 POENULUS,

54 607 58 614 .
129 590 1188 622 mmmmmwswumwumwnmmmmmwtwwkum

307 792 561 900 ACTUS
605 792 1033 904 SECUNDUS.

466 1048 858 1082 *uu—⁴00*—

372 1236 542 1321 LYCUS‚
570 1237 949 1310 ANTHEMONIDES.

129 1387 284 1510 ΜΒ]
309 1437 404 1506 illum
426 1435 597 1506 infelicent
615 1438 760 1524 omneis,
779 1438 838 1531 qui
856 1454 931 1532 post
949 1441 1041 1510 hunc
1060 1441 1151 1510 diem

70 1563 74 1566 ’
123 1554 217 1621 Leno
236 1547 339 1618 ullam
357 1549 483 1618 Veneri
503 1569 650 1641 unquam
671 1546 841 1615 inmolarit
859 1547 1020 1639 hostiam,

125 1660 235 1749 Quive
254 1655 361 1725 ullum
387 1658 470 1725 turis
490 1682 632 1750 granum
656 1656 913 1726 sacruficaverit.
993 1725 1001 1733 ,

124 1773 212 1841 Nam
234 1794 296 1863 ego
315 1767 414 1835 hodie
432 1766 565 1855 infelix,
585 1766 636 1836 dis
655 1769 737 1835 meis
756 1767 975 1856 iratissumis,

123 1885 188 1952 sex
206 1877 364 1957 inmolavi
387 1903 510 1971 agnos,
529 1902 592 1945 nec
614 1877 708 1970 potui
731 1892 843 1946 tamen

122 1989 307 2082 Propitiam
327 1990 493 2057 Venerem
514 1985 622 2054 facere
642 1986 690 2054 uti
710 2001 794 2055 esset
815 1987 908 2056 mihi.

126 2098 297 2189 Quoniam
316 2095 416 2165 litare,
434 2105 584 2188 nequeo,
603 2095 670 2163 abii
688 2095 781 2187 illinc¹
804 2096 905 2176 inlico

124 2195 253 2291 Iratus,
273 2206 363 2274 vetui
382 2219 456 2274 exta
478 2206 719 2298 prosecarier3·
781 2257 786 2275 ,

124 2324 244 2414 Neque
266 2343 304 2387 ea
324 2317 495 2410 adspicere
514 2314 623 2403 volui,
644 2317 806 2408 quoniam
828 2302 898 2384 non
921 2315 1009 2384 bona
1047 2299 1059 2350 ³·

124 2432 276 2524 Aruspex
291 2427 393 2513 dixit3
423 2426 518 2495 deam
533 2450 609 2494 esse
627 2424 802 2520 indignam
824 2425 960 2495 credidi.

124 2544 174 2610 Eo
197 2553 295 2634 pacto
311 2530 418 2605 avarae
435 2537 559 2606 Veneri
579 2534 718 2630 polchre
734 2536 802 2632 adii
822 2561 970 2604 manum.

169 2715 196 2772 4.
211 2709 259 2760 Dis
275 2708 331 2759 meis
351 2709 408 2758 irat.
427 2705 568 2770 Ablativo,
582 2723 638 2757 non
685 2718 789 2777 partem
797 2707 998 2768 consecrabant,
1007 2705 1202 2760 sacerdotibus·

127 2789 218 2845 dativo
231 2805 293 2839 casu
309 2784 438 2856 positum.
506 2834 508 2837 ,
686 2805 737 2856 que
754 2784 870 2838 dabant:
887 2798 990 2857 partem
1008 2785 1058 2837 sibi
1075 2803 1199 2856 appone·

169 2889 197 2943 7.
208 2869 304 2926 Litore,
318 2867 466 2934 καλλιερεῖν,
485 2864 544 2929 vel,
559 2863 639 2916 nteit
677 2865 1046 2919 'hanesielustratibusextis
1055 2880 1202 2920 vescuntur

129 2947 249 3004 Maerob.
270 2945 318 2996 lib.
338 2944 394 3010 111,
415 2962 474 3012 eap.
491 2943 518 3006 5,
542 2968 553 2989 ι
569 2943 640 2996 facto
687 2946 812 3016 ep.Virg‚
822 2944 1199 3017 AEn.vl11.Suet.inAug.1:

129 3025 260 3084 sacrificio
337 3040 370 3074 en
380 3022 640 3092 placare-‚Veteres
691 3023 865 3077 -semicruda
885 3038 945 3077 exta
959 3033 1043 3094 ¹'rapta
1059 3024 1124 3077 loeo
1138 3044 1202 3096 pro-

129 3128 162 3164 eo
174 3107 258 3160 verbo
271 3103 329 3167 uei,
340 3120 423 3173 quum
435 3114 508 3173 grata
520 3115 640 3172 accepta·
687 3104 771 3156 secuit
786 3129 810 3156 ι.
831 3101 912 3156 Ovid.
930 3104 1001 3158 Fast.
1018 3104 1060 3155 Vl
1078 3121 1086 3156 :
1110 3130 1120 3151 ι
1133 3104 1201 3158 lude

132 3207 185 3261 que
202 3185 254 3239 diis
270 3201 342 3236 sacra
362 3181 441 3241 suisne
455 3181 641 3252 intelligerent.
686 3183 734 3235 ubi
758 3183 863 3242 libavit,
888 3195 1009 3251 prosecta
1030 3183 1080 3235 sub
1103 3185 1201 3238 athera

131 3265 274 3338 Sacrificare
282 3261 362 3334 igitur
372 3275 411 3314 est
419 3260 518 3314 ollerre
530 3279 643 3326 sacrum,
686 3263 776 3332 ponit,
791 3275 841 3315 etc.
854 3287 865 3309 ι
881 3261 1009 3315 Tama.
1024 3292 1063 3303 -—-
1078 3263 1199 3317 Nonius:

132 3362 159 3402 et
170 3346 274 3400 veniam
294 3359 422 3414 poscere:
445 3340 517 3392 litare
530 3352 568 3392 est
580 3359 643 3411 pro·
688 3341 838 3406 «Proseeta,
849 3353 907 3396 exta
921 3360 980 3412 quae
994 3341 1046 3394 arie
1055 3339 1157 3396 dantur
1170 3361 1200 3395 ex

130 3427 244 3498 pitiare,
264 3429 396 3476 et'votnm
410 3421 571 3492 impetrare:
586 3440 642 3472 non
687 3421 761 3474 fibris
780 3419 914 3492 pecudum
934 3419 1045 3474 dissecta
1056 3446 1080 3474 ι,
1102 3421 1201 3476 Facete

132 3503 244 3579 quidem
265 3503 315 3554 ἀπὸ
334 3508 382 3553 τῶν
405 3507 495 3564 λιτῶν,
517 3497 546 3552 id
563 3514 643 3565 est,a
687 3512 775 3554 autem
799 3498 902 3553 dictum
916 3520 922 3550 ε
937 3501 1011 3572 quasi
1034 3501 1121 3571 probe
1146 3519 1202 3554 sese

129 3584 262 3658 precibus:
284 3577 331 3632 sed
346 3599 362 3632 a
375 3580 454 3642 luere,
478 3577 571 3645 idest,
595 3578 643 3631 sol·
687 3580 757 3633 ultus
780 3579 814 3632 eit
837 3580 913 3644 leno;
936 3577 1024 3650 quod,
1046 3598 1131 3650 quum
1147 3600 1201 3633 non

133 3681 205 3719 vere.
217 3662 305 3714 Varro
319 3660 499 3711 Hecatombe:
516 3683 527 3705 ι
542 3660 575 3711 In
589 3676 644 3728 quo
688 3658 800 3722 litasset,
820 3671 879 3711 exta
895 3657 946 3711 deo
963 3679 1018 3711 non
1031 3657 1203 3724 reddiderit,

132 3763 195 3817 ego,
212 3749 332 3810 utputo,
348 3737 473 3808 quoniam
494 3750 532 3790 est
554 3737 643 3802 luere,
688 3738 730 3790 vel
742 3737 780 3790 ihi
793 3736 989 3792 fraudulentus.
1000 3739 1116 3792 Tenum.

131 3825 248 3883 solvere,
259 3817 340 3870 lutavi
351 3841 375 3868 ι.
389 3817 642 3871 Turnum-Confi
733 3836 777 3870 11.
798 3812 862 3870 Adit
879 3837 982 3870 manum.
1002 3817 1070 3869 Mihi
1095 3816 1201 3872 videtur

133 3906 243 3960 Sueton-
257 3898 322 3951 Caee.
337 3900 384 3951 81.
687 3895 756 3948 adire
766 3916 861 3949 manum
870 3898 953 3961 alicui,
962 3895 1014 3949 diei
1027 3898 1048 3948 si
1058 3898 1117 3968 quis
1127 3897 1203 3950 alteri

175 3983 202 4035 8.
219 3979 381 4030 Prosecart'er.
397 3977 465 4029 Exta
480 3985 555 4028 cocta
575 3975 644 4028 sole·
688 3975 805 4046 aliquid,
824 3989 948 4048 tanquam
968 3976 996 4028 in
1020 3994 1129 4028 manum
1153 3991 1205 4030 tra·

132 4065 199 4118 bant
220 4072 376 4130 prosecere:
394 4053 466 4107 unde
488 4068 514 4107 et
530 4067 642 4124 prosecta
687 4055 806 4121 diturus,
838 4069 969 4120 ostentet,
993 4074 1132 4127 quumque
1157 4057 1203 4108 ille

132 4135 310 4201 diliebantur,
325 4155 355 4188 ac
368 4147 471 4205 partem
485 4132 642 4199 adolebant,
687 4154 795 4189 manum
816 4134 850 4190 ad
877 4134 905 4187 id
925 4134 1087 4205 capiendum
1107 4155 1203 4206 porre-
