2654 4778
109 363 156 436 30
497 363 785 447 POENULUS‚

105 511 230 562 umen.
244 486 349 573 Noli,
367 488 504 574 amabo,
527 490 726 558 suhcensere
741 488 823 557 hero
840 511 916 557 meo
930 510 1030 558 causa
1043 511 1128 559 mea.
1162 579 1165 582 .

105 603 177 694 Ego
194 598 282 684 saxo,
301 599 328 665 si
348 623 416 665 non
432 598 516 665 irata
533 623 586 684 es,
604 599 745 667 nimium
764 623 826 692 pro
845 612 877 666 te
897 597 1007 682 dabit;

105 713 217 803 Atque
239 723 271 777 te
292 707 389 777 faciet
406 722 443 776 ut
463 709 507 776 sis
529 709 610 777 civis
633 709 740 778 Attica
759 723 860 802 atque
879 708 994 778 libera.

106 844 261 890 sunnon.
277 819 372 908 Quin
387 819 479 887 abire
492 812 692 913 sinislquid
709 820 758 887 vis
773 818 857 887 tibi?
870 821 929 912 qui
942 820 1028 888 hene
1042 816 1173 906 volunt,

254 931 340 997 bene
359 930 502 998 visitem.
1142 955 1175 993 ιε.

105 1063 233 1111 minim.
244 1040 280 1110 si
299 1053 377 1108 ante
392 1039 527 1134 quidem
542 1041 703 1109 mentitus
716 1053 778 1126 est,
793 1064 884 1109 nnnc
893 1039 963 1133 jam
976 1038 1175 1111 dehinc-erit

255 1175 355 1219 verax
374 1151 447 1218 tibi.

108 1260 267 1331 sunnon(
284 1259 433 1329 Abscede
456 1259 555 1341 hinc,
584 1260 648 1342 sis,
668 1258 882 1352 sycophanta.
905 1282 1031 1329 urnnn.
1050 1262 1175 1328 Pareo:

254 1383 290 1450 at
309 1367 389 1436 soin’
407 1367 601 1461 quomodo?

104 1482 183 1551 Sine
192 1495 224 1548 te
232 1504 365 1547 exorem
375 1531 384 1564 ‚
394 1479 464 1547 sine
475 1477 678 1571 teprendam
688 1476 847 1546 auriculis
856 1531 866 1563 ,
875 1478 945 1546 sine
955 1476 1030 1548 dem
1038 1478 1176 1547 savium.

106 1594 181 1658 lam
195 1644 205 1676 ,
219 1586 373 1676 hercule,
392 1613 454 1681 ego
473 1588 590 1658 sariam
615 1578 801 1682 plorantem
821 1587 938 1679 illum,
956 1589 1020 1658 nisi
1041 1603 1075 1658 te
1094 1588 1178 1659 facio

252 1699 443 1793 propitiam.
751 1774 753 1789 ‚

106 1817 219 1906 Atque
233 1809 289 1878 hic
302 1833 355 1877 me
368 1830 411 1876 ne
428 1809 581 1877 verberet
590 1806 604 1903 (
613 1807 695 1877 illud
716 1809 829 1895 faciet,
844 1809 907 1878 nisi
923 1823 956 1877 te
969 1806 1134 1906 propitio)
1144 1829 1178 1869 1⁶⁵

109 2081 114 2089 ι
140 2023 314 2094 ·1.57.,Οαωα
328 2019 439 2075 mea.1d
460 2022 544 2091 gratia
562 2040 622 2074 mea
665 2027 735 2086 item,
749 2037 865 2077 anteum
877 2023 986 2094 Lipsio,
1001 2022 1178 2094 beneficium.

107 2102 237 2169 concede,
251 2115 281 2156 ut
295 2103 334 2155 illi
351 2121 406 2155 nou
420 2120 582 2156 succenseas.
606 2161 615 2175 Ι
666 2104 781 2156 Sannaus.
795 2133 835 2145 -
851 2105 891 2166 De
904 2103 1105 2176 frequentativo
1119 2103 1178 2159 vide

154 2182 217 2237 158.
231 2183 370 2251 Egestum,
384 2195 436 2235 ete.
450 2181 623 2252 Vulgo‚«Si
665 2184 694 2248 1,
716 2186 813 2247 2‚60.
1112 2188 1115 2193 ’
1151 2187 1158 2197 “

107 2282 166 2316 non
187 2281 236 2334 ego
254 2263 332 2329 laxo,
351 2263 417 2317 irata
439 2280 484 2326 es,
505 2261 622 2314 nimium
707 2266 775 2316 161.
786 2261 951 2334 Sycophanta.
962 2264 1063 2335 Amph.
1073 2265 1097 2329 1,
1111 2262 1140 2329 3,
1150 2265 1176 2319 8.

72 2359 79 2372 ’
107 2354 200 2416 prote
216 2340 331 2404 dobin,
357 2359 517 2413 perperam,
541 2359 622 2409 repn·
665 2341 787 2396 -Scr'n'
800 2362 824 2413 q.
840 2342 931 2396 Aulnl.
942 2343 981 2409 11,
999 2351 1031 2408 4,
1052 2344 1099 2399 28.

107 2423 250 2494 guantibus
260 2421 338 2486 MSS,
347 2422 394 2493 qni
406 2420 534 2474 exhibent
544 2447 555 2468 ι
563 2421 622 2493 Ego
708 2423 773 2475 163.
791 2422 913 2474 Prendam
929 2426 1006 2475 aurio.
1018 2423 1095 2476 Inter
1105 2435 1180 2476 ente·

109 2505 188 2569 faxo,
202 2503 224 2556 si
241 2521 297 2555 non
315 2502 380 2554 irata
393 2519 421 2555 es
436 2501 550 2553 nimium
566 2494 621 2566 (vel
665 2519 708 2554 ras
730 2502 846 2572 antiquas
865 2502 1000 2556 vetustatis
1020 2501 1179 2567 blanditias,

107 2572 245 2650 ninnium)
257 2601 308 2653 pro
321 2593 347 2635 te
360 2578 465 2634 dabit».
481 2578 562 2633 Unde
573 2579 624 2632 do·
665 2580 864 2635 observandum
886 2594 926 2637 est
949 2583 1003 2635 hoe
1025 2582 1110 2637 osculi
1135 2601 1179 2653 ge·

108 2663 145 2733 cti
156 2662 301 2714 lectionem
313 2677 394 2733 quam
408 2657 546 2712 reddimus
558 2660 623 2712 elle-
665 2679 734 2727 nus,
754 2679 808 2733 quo
825 2663 946 2716 solebant
965 2662 1043 2733 pueri
1056 2675 1180 2733 parentes

109 2739 624 2810 'ceronn'l'urnebuspronimiumposuit
666 2752 712 2793 aut
732 2741 814 2808 alios,
836 2743 878 2793 vel
902 2753 1023 2794 amantes
1047 2741 1179 2807 interne,

106 2821 245 2882 hamulum,
265 2818 339 2891 quod
361 2819 498 2890 ingeniose
517 2819 623 2871 Lambi-
665 2820 775 2873 alterius
787 2821 897 2874 auribus
910 2821 1093 2891 apprehensis,
1103 2840 1180 2877 oseu-

104 2920 156 2959 nus
168 2900 282 2970 explicat
294 2900 369 2970 quasi
378 2917 471 2951 servus
483 2899 622 2951 mulierem
665 2901 722 2952 lari.
737 2898 769 2952 Id
784 2901 825 2952 illi
837 2902 928 2971 χύτραν
944 2901 1000 2954 sire
1014 2902 1090 2953 ollam
1101 2920 1181 2957 voca·

107 2970 220 3045 iriideat
239 2998 320 3052 qnam
341 2978 435 3032 tantuli
456 2978 576 3031 aestimet.
589 2982 624 3031 At
665 2981 730 3033 bant
749 3000 755 3032 :
773 2979 853 3034 eredo
865 2979 939 3052 quod
955 2983 983 3033 in
998 2999 1031 3033 eo
1044 2994 1134 3052 gestu,
1150 2993 1181 3034 ut

107 3059 262 3113 Gronovius
273 3071 364 3112 censet
372 3055 542 3111 retinendam
552 3058 621 3111 MSS
666 3073 747 3130 caput
760 3061 837 3123 olle,
851 3061 887 3113 ita
901 3077 978 3113 aures
991 3078 1116 3114 ansarum
1129 3061 1191 3131 for--

107 3139 251 3192 lectionem
277 3141 376 3190 nimium
402 3137 421 3189 i.
442 3156 470 3208 q:
494 3138 621 3203 multum,
665 3159 736 3192 mam
757 3140 857 3192 referre
876 3138 1045 3193 videbantur.
1066 3141 1180 3202 Pollux,

90 3219 188 3274 latine
202 3217 309 3290 quidem
322 3230 348 3271 et
361 3218 460 3288 scripto
473 3218 623 3288 obsequen·
665 3218 713 3272 lib.
727 3220 768 3272 X:
785 3217 905 3272 AeGotro
915 3227 971 3282 Ιτῶν
991 3220 1060 3272 ὤτων
1080 3225 1180 3290 φίλησον

109 3311 162 3364 ter,
169 3317 202 3353 ae
214 3299 302 3352 minus
316 3297 426 3368 nomiae.
448 3297 483 3350 N.
602 3321 604 3325 ³
664 3302 709 3357 τὴν
721 3300 823 3370 χύτραν.
835 3324 846 3346 ι
857 3299 946 3351 Ollam
957 3300 1095 3370 prehensis
1103 3319 1181 3354 oseu-

121 3391 124 3397 '
152 3381 214 3432 160.
233 3380 422 3432 Berreor'sitem.
439 3378 570 3430 Veterum
591 3377 623 3428 li·
664 3378 719 3431 lare
736 3379 859 3443 auribus,
880 3390 932 3431 etc.
948 3405 959 3424 ι
980 3378 1054 3431 Inter
1066 3379 1180 3432 Latinos

107 3459 259 3513 brorumet
268 3478 331 3512 vera
345 3458 479 3529 scriptura
488 3469 543 3510 est:
556 3457 623 3509 Bene
664 3458 716 3511 hoc
728 3458 812 3511 osculi
822 3476 905 3528 genus
917 3458 1035 3527 primurn
1048 3459 1181 3530 expressit

108 3541 213 3591 viritem.
228 3538 420 3591 Benevolentes
434 3535 501 3588 mihi
514 3538 582 3590 hene
597 3550 623 3589 et
665 3538 772 3590 Plautus
784 3538 836 3589 hoo
851 3539 929 3600 loco,
944 3552 971 3591 et
982 3537 1059 3591 Asin.
1076 3540 1129 3603 Ill,
1147 3541 1179 3602 a:

108 3617 215 3672 blandis
234 3618 318 3669 oculis
333 3617 441 3687 aspicio.
459 3616 527 3669 Cum
544 3617 623 3668 bonis
668 3614 825 3687 «prehende
842 3618 983 3670 auriculis:
1001 3637 1128 3689 compara
1142 3620 1180 3672 la·

105 3710 135 3751 et
150 3696 299 3749 faventibus
313 3697 378 3748 mihi
392 3698 530 3766 benengo.
541 3697 622 3750 Visite
664 3696 733 3748 bella
744 3715 806 3748 eum
817 3697 921 3750 labellis
935 3723 960 3750 ι.
972 3698 1097 3751 Caunus.

109 3775 182 3829 idem
201 3786 239 3828 est
256 3776 330 3845 quod
344 3776 425 3829 video.
444 3777 572 3841 «Visere,
582 3777 622 3828 ri·
709 3776 772 3829 165.
794 3776 834 3829 Ne
860 3777 1181 3844 serueretfilludsaci'et).

108 3857 206 3919 sitsre,
228 3853 334 3920 videre,
359 3855 457 3927 cupide
483 3855 621 3907 intueri».
663 3856 698 3909 Et
711 3855 755 3908 hic
772 3856 908 3909 Muretum
921 3858 1027 3928 sequuti
1042 3871 1122 3911 sunt:
1140 3871 1181 3910 at·

108 3937 148 3988 lta
175 3935 275 3989 Glossae
298 3936 397 4006 Papia.
420 3937 564 3988 Boxnonn.
582 3965 622 3978 —
663 3953 716 4005 que
735 3936 771 3988 ita
785 3954 846 3988 sane
865 3937 893 3988 in
913 3937 1005 3990 codice
1017 3936 1180 4008 Academico

106 4016 190 4084 Recta
207 4027 245 4067 est
260 4017 392 4087 scriptura
407 4016 551 4068 librorum.
565 4013 622 4067 Neo
664 4013 752 4068 video.
765 4015 829 4068 Non
844 4029 942 4069 temere
954 4030 1041 4070 tamen
1050 4028 1099 4081 est,
1105 4016 1180 4088 quod

108 4095 280 4149 scribendum
296 4115 358 4150 eum
366 4094 622 4160 Turnebo,berrevr's
663 4095 801 4162 Turnebi‚
828 4097 970 4172 Lambini,
991 4097 1177 4150 Camerarinni
