2654 4778
121 367 170 455 aa
509 364 808 450 rosuusus,

122 516 222 564 com.
240 487 333 582 Quid
344 487 456 582 opu'st
469 488 600 559 verbis?
621 487 742 558 callum
756 510 949 583 aprugnum
964 483 1086 555 callere
1103 507 1191 579 aequs

270 625 339 668 non
361 600 477 668 sinam.

123 716 316 783 ramamFac
323 709 423 777 modo
433 708 638 777 utcondocta
645 704 1190 776 tibisintdictaadbauciallaciam.

126 843 224 893 cour..
245 820 339 910 Quin
350 874 360 905 ,
380 817 512 913 edepol,
533 819 731 888 condoctior
749 844 841 905 sum,
853 842 958 929 ⁸quarn
977 815 1121 911 tragoedi
1140 829 1194 884 aut

274 953 405 999 comici.

125 1064 250 1111 mrtem.
266 1040 396 1108 Probus
408 1038 511 1106 homo
523 1063 567 1106 es.
583 1062 693 1108 Aaou.
712 1037 878 1108 Adeamus
897 1037 1037 1131 propius
1053 1035 1194 1105 :adsunt

273 1151 394 1219 testeis.
414 1172 541 1218 mrnru.
559 1151 625 1217 Tot
642 1147 777 1242 quidem
1184 1170 1194 1210 s

125 1262 203 1331 Non
216 1262 350 1354 potuisti
361 1259 527 1328 adducere
536 1258 689 1326 homines
700 1259 805 1352 magis
816 1258 857 1326 ad
868 1259 954 1327 hanc
964 1283 1035 1326 rem
1049 1256 1193 1327 idoncos.

126 1373 214 1440 Nam
229 1373 370 1440 istorum
387 1369 501 1438 nullus
518 1367 689 1437 nefastu’st
700 1422 708 1452 ,
721 1368 916 1437 comitialeis
930 1382 1009 1437 sunt
1028 1369 1128 1455 meri;

27 1461 37 1475 ⁰
128 1482 181 1550 Ibi
199 1481 373 1566 habitaut;
388 1481 435 1549 ibi
455 1475 513 1548 eos
528 1478 729 1573 conspicias,
745 1503 845 1572 qaam
864 1493 1040 1573 praetorem
1062 1479 1196 1573 saepius3

125 1591 234 1660 Hodie
249 1591 334 1682 juris
354 1591 514 1658 coctiores
533 1616 602 1658 non
624 1604 720 1676 sunt,
740 1591 797 1682 qui
820 1587 906 1658 liteis
927 1602 1061 1675 creant,

129 1699 243 1790 Quam
262 1715 340 1768 sunt
358 1699 408 1784 hi,
432 1702 509 1794 qui,
530 1698 557 1768 si
579 1698 663 1767 nihil
682 1714 732 1767 est
751 1698 881 1786 litium,
895 1699 982 1768 liteis
999 1713 1127 1767 serunt.
1176 1729 1198 1754 ιο

130 1835 211 1883 env.
236 1812 281 1879 Di
307 1827 339 1880 te
365 1811 518 1905 perdant.
544 1831 669 1880 minen.
692 1814 762 1880 Vos
785 1810 939 1903 quidem,
960 1809 1093 1896 hercle,
1120 1834 1197 1878 cou-

278 1920 420 2006 mendo,
441 1945 543 2014 quom
565 1921 682 2015 quiqui
705 1935 834 2005 tamen,

177 2099 202 2131 a.
218 2075 314 2130 Callum
332 2095 467 2148 aprugnum
486 2076 582 2130 callere.
600 2077 644 2130 cf.
689 2077 861 2131 tibusmultis
874 2075 1023 2131 deterrime
1037 2076 1200 2130 conditionis

133 2156 206 2210 Pers.
217 2156 260 2220 11,
272 2155 299 2220 ὅ,
312 2161 338 2218 4.
571 2153 573 2159 ’
689 2156 1120 2229 hominibus,venisseplerosque
1128 2157 1202 2212 liber·

177 2235 202 2290 3.
224 2235 410 2288 Cordoctc.1n
432 2248 546 2306 utroque
567 2254 646 2288 versu
691 2237 776 2299 tinos,
790 2238 837 2307 qui
856 2238 957 2309 optime
977 2255 1029 2306 qua
1048 2251 1106 2291 trte
1124 2238 1201 2290 talem

137 2316 275 2368 conductum
290 2316 364 2386 lego,
378 2334 434 2367 non
446 2316 602 2375 conductum,
621 2329 648 2369 et
691 2317 822 2370 ambitum
835 2329 982 2374 tuerentur,
998 2317 1136 2371 callerent.
1150 2319 1183 2370 N.

135 2394 297 2448 membranis
317 2393 540 2465 adstipulantibus
562 2407 589 2447 et
611 2395 649 2448 ia·
733 2397 760 2448 8.
772 2396 817 2449 tu.
829 2395 871 2447 Ad
886 2415 979 2450 vocem
994 2398 1115 2448 comitium
1127 2395 1203 2458 intel·

135 2489 214 2528 vente
234 2492 319 2528 sensu.
341 2473 475 2529 condocti
494 2488 582 2527 autem
602 2493 648 2527 co·
692 2477 786 2529 lectam
796 2477 918 2528 refertur.
1037 2478 1039 2483 “

136 2556 200 2607 mici
226 2567 303 2619 sunt,
330 2555 377 2624 qui
407 2556 543 2618 fabulam,
570 2573 649 2624 quam
734 2575 761 2623 9.
779 2546 909 2609 Coctiorcs.
926 2556 1048 2608 Coctiorcs
1060 2555 1203 2626 legendum

137 2634 221 2687 acturi
242 2646 320 2695 sunt,
341 2652 392 2685 una
412 2633 527 2687 fideliter
546 2632 649 2686 addidi·
693 2648 720 2687 et
732 2634 876 2688 ridiculum
890 2635 980 2701 dictu,
998 2635 1091 2706 «juris
1106 2636 1204 2688 coctio·

136 2713 245 2774 cerunt,
272 2725 429 2783 gestumque
454 2732 530 2783 agere
552 2713 648 2767 sciunt.
693 2734 771 2768 rem·
796 2733 848 2787 pro
874 2714 961 2786 «juris
978 2713 1148 2768 doctiorem·
1165 2712 1205 2767 di-

136 2793 254 2866 ¹Oportet
278 2792 351 2843 enim
381 2792 523 2845 histriones
551 2793 651 2862 peritos
695 2792 857 2865 cere:quod
867 2795 1016 2847 urbanitate
1028 2795 1131 2848 comica
1142 2813 1205 2847 con·

138 2889 208 2935 esse,
229 2883 255 2922 et
268 2870 382 2923 fabulam
399 2873 478 2930 simul
495 2871 650 2938 edidicisse,
694 2873 782 2929 ditum
795 2873 923 2944 protulit,
937 2874 1055 2943 ambigui
1067 2875 1206 2930 occasione

135 2963 280 3020 autequam
290 2950 318 3002 in
328 2950 497 3020 proscenium
504 2951 650 3022 prodeant:
694 2972 757 3006 usus
773 2974 780 3004 z
803 2971 865 3006 nam
886 2965 913 3005 et
927 2956 970 3025 jus
985 2953 1147 3006 colinariam
1165 2972 1206 3006 co·

138 3049 207 3102 quo,
223 3029 275 3082 nisi
290 3030 377 3092 fallor,
397 3031 525 3102 respexit.
537 3031 602 3086 Vid.
615 3051 650 3086 sc.
695 3034 802 3103 quitur3
817 3046 843 3085 et
853 3045 933 3085 coctus
944 3051 974 3087 ac
984 3045 1089 3085 recoctus
1097 3032 1206 3096 dicitur,

139 3108 406 3180 sup.5t.Tuaa1us.
696 3114 743 3184 qui
767 3114 795 3164 in
825 3112 912 3182 aliqua
940 3131 971 3164 re
997 3113 1050 3164 tiro
1076 3131 1133 3165 non
1158 3124 1206 3164 est.

110 3250 111 3254 Ἰ
184 3206 214 3260 7.·
228 3189 387 3245 Comitialcis.
396 3189 434 3241 Ut
445 3189 587 3243 comitialis
597 3189 653 3244 dies
696 3193 811 3246 Saeuus.
832 3222 872 3235 -υ
897 3193 948 3261 Qui
970 3193 1032 3244 liteis
1052 3203 1144 3245 crearit.
1167 3192 1207 3246 De

139 3266 252 3331 dicitur,
265 3268 312 3339 qui
327 3267 437 3339 agendis
450 3270 530 3321 rebus
542 3268 654 3323 idoneus
697 3272 745 3335 iis,
760 3270 854 3338 credo,
868 3272 998 3345 loquitur,
1016 3271 1062 3343 qui
1079 3271 1207 3323 formulas

140 3361 201 3413 est,
216 3349 350 3412 nefastus,
368 3367 422 3419 quo
438 3349 480 3419 agi
493 3368 535 3401 res
551 3369 607 3402 non
620 3351 653 3402 li·
697 3351 832 3404 actionum
854 3351 1023 3415 scribebant,
1051 3348 1115 3421 ipsis
1140 3351 1208 3420 juris

139 3439 196 3492 cet,
208 3428 299 3496 joculo
322 3426 355 3479 ad
374 3428 591 3499 hominesprare
605 3448 653 3482 ne·
697 3430 903 3494 conditoribus,
929 3431 1137 3500 jureconsultis,
1166 3430 1208 3482 vel

139 3507 491 3578 gotiososhaacuotiouem
508 3511 651 3563 transtulit.
697 3510 860 3582 praetoribus
885 3527 995 3581 quoque
1022 3509 1069 3580 qui
1096 3510 1157 3564 litas
1180 3509 1208 3561 in

142 3586 246 3656 Nempe
257 3585 354 3639 vitium
369 3587 483 3641 civitatis
497 3600 583 3652 taxat,
605 3589 651 3643 ubi
697 3592 758 3644 albo
774 3589 969 3659 proponebant.
980 3590 1013 3644 N.
1051 3612 1052 3615 ¹

140 3665 276 3736 opificina
289 3678 314 3718 et
330 3679 444 3736 quastus
466 3685 549 3738 genus
567 3668 653 3740 quod·
742 3687 783 3723 ro.
799 3670 874 3720 Liteis
891 3681 982 3722 seruat.
993 3669 1091 3740 Scripti
1107 3668 1214 3723 habent

140 3744 208 3798 libet
217 3744 319 3813 probro
331 3758 403 3812 erat,
420 3747 511 3800 otiosis
527 3749 652 3820 perjuriis
698 3749 760 3802 liteis
777 3761 865 3800 emunt.
885 3747 920 3800 Et
939 3761 1011 3804 recte
1033 3749 1069 3803 ita
1090 3749 1211 3819 reposuit

140 3836 168 3876 et
184 3824 324 3889 calumniis
340 3827 479 3880 vivebatur
501 3846 556 3883 nou
579 3828 653 3880 inde·
697 3828 851 3883 Turnebus.
871 3828 971 3882 Litium
989 3825 1155 3884 redemtores
1169 3829 1210 3882 iu·

138 3903 288 3957 coreaudi
295 3905 469 3961 Plutarchum
479 3907 651 3965 Paabfflmil.
684 3908 810 3978 telligit,
827 3925 856 3963 ac
869 3907 1027 3978 depecteres
1040 3908 1209 3976 litiumrllo·

138 3983 188 4053 qui
204 3996 295 4038 narrat
310 3985 481 4056 Scipionem,
493 4004 577 4057 quum
592 4005 653 4040 cen·
696 4005 758 4042 rum
770 3988 797 4039 in
810 3989 870 4058 jure
885 3988 916 4041 ut
931 3987 1042 4043 mentio.
1056 3987 1173 4041 sannas.

139 4081 228 4116 suram
236 4077 348 4135 peteret,
358 4064 392 4119 ad
400 4066 518 4130 comitia,
525 4066 652 4122 comittu-
741 4087 751 4121 1
762 4085 786 4121 r.
802 4068 948 4122 Conmendo.
966 4069 1028 4121 Non
1040 4085 1110 4137 opus
1121 4068 1209 4137 legere
