2654 4778
127 381 201 465 Ἰ48
546 385 832 473 counimus,

150 509 320 574 Macerato
342 504 406 572 hoe
422 505 574 598 pingueis
595 506 681 575 fiunt
699 532 781 577 auro
803 511 836 577 in
859 509 1014 579 barbaria
1033 510 1140 581 boves.
1240 530 1242 542 '

151 619 278 686 Verum
300 613 341 682 ad
364 614 451 683 hanc
473 639 543 683 rem
564 617 732 711 agundam
754 618 949 714 Philippum
960 620 1010 688 ’st.
1047 646 1125 690 nov.
1157 620 1199 687 Ita

294 749 356 792 nos
375 723 657 795 adsimulabimus.
921 723 929 755 ⁸
1053 803 1056 810 Δ

149 858 247 906 com.
274 833 339 902 Sed
365 834 410 901 ita
437 833 688 924 adsimulatote,
708 839 802 930 quasi
834 862 896 932 ego
920 840 981 907 sim
1011 841 1199 934 peregrinus.

295 967 378 1013 Arm.
397 943 545 1031 Scilicet,
725 948 726 951 ’

145 1058 190 1122 Et
206 1054 341 1147 quidem
362 1056 456 1148 quusi
474 1071 511 1123 tu
535 1055 709 1124 nobiscum
732 1056 910 1125 adveniens
929 1058 1029 1127 hodie
1050 1058 1199 1138 oraveris,

145 1165 305 1234 Liberum
320 1179 357 1233 ut
371 1181 696 1234 conmonstraremus
707 1167 767 1234 tibi
787 1165 897 1235 locum
915 1183 948 1236 et
965 1165 1198 1263 voluptarium,

144 1275 212 1343 Ubi
230 1290 464 1368 ames‚potes‚
479 1299 693 1368 pergraecere.
715 1299 841 1345 minan.
860 1280 954 1365 Heu,
974 1277 1198 1372 edepol,mor·

217 1412 218 1417 ¹
290 1383 383 1453 taleis
401 1381 526 1452 malos!
1178 1404 1198 1446 n

142 1517 252 1563 Acon.
280 1498 352 1587 Ego
381 1494 469 1561 enim
489 1493 599 1561 docui.
626 1517 754 1563 mrnrfl.
789 1492 875 1582 Quis
897 1510 929 1563 te
954 1495 1084 1591 porro?
1112 1520 1194 1569 com.

285 1603 405 1695 Agite,
424 1605 512 1671 intro
533 1602 638 1686 abite,
660 1602 912 1698 Agorastocles:

140 1715 193 1781 Ne
213 1710 269 1780 hic
286 1737 346 1780 vos
368 1737 499 1781 mecum
520 1714 731 1806 conspicetur
751 1712 846 1798 leno;
865 1739 932 1783 neu
950 1712 1091 1787 fallacie

137 1820 1197 1920 Praepedimeutumobjiciaturmmrnflichomosapientersapit.

138 1933 267 2015 Facite,
285 1930 499 2026 quod-jubet.
532 1956 639 2002 acon.
668 1932 865 2001 Abeamus:
888 1932 945 2002 sed
965 1930 1045 2029 vos!
1068 1935 1147 2004 satis
1163 1933 1199 2001 di·

184 2048 190 2054 “
287 2042 454 2110 ctum’st?
473 2065 571 2112 com.
589 2041 667 2110 Abi.
1180 2063 1201 2103 n

137 2175 247 2222 Acon.
267 2152 379 2239 Abeo,
397 2176 527 2245 quaeso,
547 2151 580 2219 di
603 2150 870 2222 inmortaleis.....
885 2176 984 2224 conr..
1004 2152 1099 2242 Quin
1111 2151 1200 2222 abis?

284 2285 393 2331 acon.
413 2262 516 2331 Abeo.
537 2256 664 2331 umen.
686 2263 792 2356 Sapis.

137 2392 236 2444 com.
256 2368 313 2442 St!
335 2387 416 2440 tace.
435 2396 518 2442 aut.
539 2373 630 2462 Quid
648 2372 718 2440 est?
738 2395 837 2442 com.
856 2373 968 2441 Foreis
988 2372 1038 2440 hae
1056 2371 1201 2443 feceruut

281 2500 442 2576 magnum
465 2482 627 2576 flagitium
650 2481 761 2550 modo.

135 2614 217 2660 nov.
241 2590 335 2680 Quid
355 2591 390 2659 id
412 2606 461 2658 est
482 2591 611 2685 flagiti?
633 2614 731 2661 conr..
756 2592 972 2683 Crepuerunt
991 2589 1091 2660 clare.
1123 2616 1199 2663 nov.

280 2702 325 2768 Di
345 2716 376 2769 te
397 2698 569 2795 perduint!

56 2889 60 2893 ,
133 2812 225 2879 Pone
241 2836 302 2879 nos
315 2812 442 2880 recede.
465 2834 563 2880 conr.
583 2811 667 2879 Fiat.
683 2834 765 2880 auv.
784 2813 854 2878 Nos
873 2809 1001 2903 priores
1020 2809 1155 2880 ibimus.

129 2945 231 2992 cour..
252 2922 411 3007 Faciunt,
431 2945 552 2988 seurrae
571 2921 661 3015 quod
680 2934 886 2990 consuerunt
907 2945 914 2987 :
936 2945 1025 3013 pone
1051 2944 1122 2990 sese
1141 2921 1199 2989 ho·

279 3033 384 3099 mines
403 3030 524 3101 locant.
1175 3049 1197 3088 ³⁵

131 3176 224 3216 rantur
234 3159 339 3234 lupini,
353 3163 390 3215 sic
411 3173 438 3214 et
459 3161 535 3233 pueri
554 3162 638 3232 lupini
684 3164 753 3217 Pliu.
770 3152 880 3227 XVIII,
900 3166 944 3223 14.
962 3192 1003 3203 -
1022 3161 1054 3213 In
1073 3161 1196 3213 barbaria.

130 3261 213 3314 grana
228 3259 277 3315 pro
292 3243 409 3295 nummis
427 3241 499 3294 soliti
512 3253 578 3316 'sunt
596 3243 641 3294 ha·
685 3243 761 3296 Asin.
777 3243 849 3295 Prol.
867 3260 912 3300 η.
925 3239 959 3291 N.

129 3323 208 3388 bete,
223 3336 302 3394 atque
312 3340 472 3382 numerare,
488 3334 514 3373 et
525 3322 595 3373 inter
606 3340 640 3374 aes
726 3322 910 3385 24.Nobiscum
918 3322 1031 3372 oraveris.
1043 3318 1086 3372 cf.
1096 3320 1196 3373 Bacch.

130 3413 157 3454 et
169 3403 292 3472 lupinum
308 3421 403 3473 parum
417 3400 578 3472 distinguere
589 3413 640 3460 :at-
682 3403 735 3471 111,
751 3403 777 3466 3,
793 3420 838 3469 90.

130 3500 181 3551 que
201 3481 271 3534 idem
288 3480 423 3552 hodieque
438 3483 465 3532 in
483 3482 560 3533 Italia
579 3483 639 3534 lusi·
726 3486 771 3533 26.
788 3482 872 3532 Ames.
885 3480 958 3531 Asin.
972 3481 1083 3549 Argum.
1100 3491 1194 3533 acrost.

130 3572 214 3612 tentes
231 3561 321 3630 pueri,
343 3560 466 3612 ementiri
480 3573 507 3612 et
521 3561 639 3613 aemulari
686 3562 914 3628 1.-Pergraecere.
928 3559 1024 3612 Bacch.
1043 3559 1094 3623 tv,
1108 3564 1136 3625 4,
1150 3576 1196 3628 91.

128 3639 227 3711 lupinis
246 3658 369 3691 nummos
389 3651 501 3692 constat.
524 3642 635 3693 Murum.
681 3672 721 3682 -
734 3639 825 3690 Malos.
840 3639 898 3691 Mil.
914 3640 964 3703 111,
981 3638 1007 3701 3,
1021 3658 1048 3707 7.
1060 3637 1093 3689 N.

128 3750 168 3761 -
189 3718 280 3770 Horat.
306 3719 391 3788 Epist.
417 3719 506 3791 «quid
538 3719 637 3772 distent
723 3721 772 3771 33.
788 3718 945 3787 Crepuerunt.
967 3716 1073 3770 Alludit
1092 3715 1126 3769 ad
1143 3734 1195 3770 cre·

129 3816 179 3851 ara
194 3798 294 3868 lupinis
309 3824 332 3852 ι.
680 3799 766 3868 pitum
779 3799 897 3863 ventris,
910 3798 957 3867 qui
972 3815 1029 3849 non
1049 3796 1108 3848 siue
1123 3795 1195 3867 flagi·

169 3897 214 3930 21.
238 3879 363 3930 Macerato
388 3878 441 3930 loc.
470 3876 635 3930 Maceratum
682 3878 755 3931 tioin
764 3889 831 3928 coetu
842 3877 982 3929 bominum
992 3874 1090 3929 editur.
1101 3876 1193 3930 Lanu.

125 3955 209 4010 calida
222 3976 290 4028 aqua
300 3957 404 4010 homini
419 3975 527 4029 quoque
536 3957 563 4009 in
574 3957 635 4010 cibo
680 3957 765 4010 —Cf.
777 3957 867 4010 Aulul.
879 3959 930 4020 IV,
947 3957 973 4021 5,
988 3956 1015 4008 5.

125 4049 165 4088 est
186 4056 193 4088 :
217 4055 279 4089 nam
310 4039 407 4089 bovem
432 4056 516 4090 unum
538 4037 635 4108 singuli
721 4036 767 4091 35.
784 4035 889 4090 Scurra.
905 4032 1064 4105 Vid,Epid.
1081 4035 1105 4098 1,
1124 4053 1149 4099 ι,
1166 4033 1192 4086 3.

123 4113 208 4168 modii
216 4116 312 4171 satiant
320 4115 492 4186 validumque
500 4127 633 4186 praestant.
679 4148 718 4157 -
739 4118 807 4170 Pone
826 4137 875 4169 sese
892 4118 1004 4175 homines.
1020 4114 1075 4178 Qui
1089 4126 1192 4167 antece-
