2654 4778
131 396 173 441 ro
510 371 806 461 PROLOGUS

123 501 199 589 lpse
221 496 303 564 abiit
323 493 365 562 ad
386 493 613 565 Acheruntem
631 495 702 564 sine
722 493 854 562 viatico.

122 605 184 675 Ille
204 609 262 700 qui
281 605 448 700 subripuit
465 629 625 698 puerum,
641 602 849 699 Calydonem
867 601 990 671 avehit.

125 716 254 784 Vendit
273 741 350 784 eum
368 715 505 784 domino
520 715 597 784 heic
620 715 715 784 diviti
738 713 898 808 quoidam
914 713 1005 795 seni,

126 827 284 920 Cupienti
305 825 508 913 liberorum,
521 827 611 897 osori
627 824 817 896 mulierum.

124 938 217 1007 Ernit
234 936 434 1030 hospitalem
452 937 480 1005 is
496 935 604 1006 filiurn
621 935 806 1031 inprudens
824 957 924 1003 senex

124 1048 271 1114 Puerum
290 1045 404 1136 illum,
425 1072 570 1141 eumque
585 1047 724 1143 adoptat
745 1046 810 1115 sibi
830 1069 892 1140 pro
909 1041 998 1130 flli03

125 1161 279 1250 Eumque
296 1157 460 1226 haeredem
479 1157 576 1243 feeit,
596 1183 699 1252 quom
716 1158 788 1251 ipse
808 1157 892 1225 obiit
910 1153 1008 1223 diem.

125 1268 160 1334 Is
178 1264 267 1335 illeic
285 1265 476 1336 adulescens
493 1267 595 1336 habet
613 1268 648 1335 in
671 1266 775 1336 illisce
792 1266 928 1336 aedibus.

77 1465 78 1468 Ἴ
125 1378 291 1444 Revertor
306 1401 422 1444 rursus
441 1374 553 1446 denuo
571 1377 829 1472 Carthaginem:

127 1485 162 1552 Si
183 1485 265 1578 quid
283 1486 442 1554 mandare
459 1487 575 1575 voltis,
594 1503 652 1557 aut
669 1487 835 1572 curarier‚

124 1595 312 1688 Argentum
332 1596 395 1663 nisi
415 1597 473 1689 qui
492 1596 641 1684 dederit,
654 1622 761 1692 nugas
779 1595 900 1690 egerit;

125 1707 253 1774 Verum
274 1706 330 1797 qui
351 1705 499 1793 dederit,
514 1707 613 1803 magi’
626 1705 904 1802 majores‘egerit.

126 1815 193 1885 Sed
209 1813 257 1882 illi
276 1831 396 1909 patruo
414 1817 532 1911 hujus,
553 1819 612 1911 qui
632 1820 715 1887 vivit
735 1842 853 1901 senex,

127 1926 396 2021 Carthaginiensi
416 1927 489 1996 duae
511 1928 604 1997 fuere
620 1928 714 2014 filiae3

127 2033 241 2104 Altera
264 2038 504 2131 quinquennis,
521 2036 624 2107 altera
645 2035 877 2133 quadrimula,

125 2146 213 2214 Cum
231 2147 363 2215 nutrioe
379 2172 447 2215 una
465 2150 603 2242 periere.
624 2152 653 2218 A
672 2145 866 2241 Megaribus

172 2378 220 2432 71.
238 2359 297 2415 Sine
312 2363 411 2414 uiatico.
425 2362 543 2416 docetur.
564 2363 640 2416 Sole·
683 2375 763 2432 atque
782 2363 810 2414 hs
824 2358 980 2430 παραλλήλου
992 2356 1127 2424 dicautur,
1141 2360 1198 2411 usi·

128 2443 194 2495 bant
205 2441 276 2493 euim
290 2441 392 2497 tumbis
403 2455 574 2496 mortuorum
588 2443 641 2495 im·
683 2443 810 2504 ratissima
822 2453 911 2498 tamen
920 2450 994 2491 aunt.
1005 2438 1123 2490 Cassan.

126 2539 228 2592 ponere
246 2521 388 2586 viaticum,
406 2539 517 2588 aurum,
536 2534 563 2575 et
578 2541 641 2592 pre·
726 2525 770 2576 80.
783 2521 812 2574 St
826 2520 886 2590 quid
900 2519 1027 2581 mandare,
1048 2529 1098 2570 ete.
1111 2517 1197 2573 Ludit

129 2601 196 2654 tiosu
209 2619 287 2666 vasa,
304 2613 427 2671 putantes
445 2601 501 2654 sine
521 2601 563 2654 his
585 2602 641 2654 ani·
683 2601 734 2657 hac
747 2601 899 2654 reversione
911 2598 1108 2667 Carthaginem,
1119 2599 1197 2668 quasi

128 2699 186 2733 mas
205 2699 338 2751 nusquam
357 2699 433 2750 posse
452 2678 558 2735 diverti.
580 2683 642 2734 Ari·
684 2700 746 2735 vera
758 2693 840 2746 esset,
857 2691 927 2732 etse
944 2679 1041 2742 offert,
1056 2677 1104 2747 qui
1119 2696 1196 2730 man-

129 2752 400 2830 stoph.inllan.141
415 2759 530 2813 duorum
543 2763 639 2814 obulo·
684 2760 746 2815 data
765 2772 906 2833 procuret,
926 2759 948 2812 si
968 2758 1029 2828 quis
1045 2755 1195 2825 parandum

130 2857 190 2892 rum
202 2839 340 2903 meminit,
353 2841 399 2910 qui
412 2854 497 2894 essent
506 2842 639 2912 πορθμήῖον
683 2841 780 2895 habeat
793 2841 821 2893 in
834 2841 885 2892 hae
897 2840 966 2892 urbe
980 2837 1125 2907 negotium.
1140 2837 1196 2891 Sed

130 2919 273 2973 charontis
294 2931 410 2990 :postea
434 2919 468 2973 ad
492 2920 640 2973 triobolum
683 2921 830 2981 officiosam
850 2920 886 2972 ita
906 2918 1049 2990 pollicetur
1067 2934 1195 2986 operam,

128 2999 254 3052 exerevit.
268 2998 408 3052 Gonnssr.
683 3014 712 3053 ut
724 3001 837 3071 argenti,
848 3017 894 3052 seu
904 2996 1049 3061 mercedis,
1065 3013 1111 3047 seu
1124 3016 1198 3049 surn-

170 3078 217 3149 75.
240 3078 408 3150 Hospitalem,
439 3077 552 3149 hospitis
578 3078 640 3145 sui,
683 3092 725 3133 tus
758 3079 897 3132 necessarii
934 3097 1035 3140 eausa,
1066 3077 1195 3145 postulet.

78 3190 85 3197 -
128 3157 245 3212 hominis
256 3176 372 3227 quocum
383 3158 566 3228 erathospitio
577 3177 641 3211 eon·
663 3208 666 3215 ,
683 3160 807 3231 Denique
820 3178 858 3212 vs.
877 3159 1000 3212 sentiro
1019 3154 1138 3208 denudat
1155 3159 1197 3228 jo-

127 3240 244 3311 junetus.
256 3238 321 3292 Vid.
337 3239 406 3291 infra
419 3238 457 3302 V,
480 3257 506 3302 1,
526 3236 572 3291 25.
585 3226 644 3291 Eo:
683 3257 743 3292 cose
755 3239 958 3301 eonscientiam3
969 3253 1085 3306 namque
1094 3249 1196 3306 specta-

130 3316 193 3370 dem
210 3317 293 3371 modo
315 3317 414 3371 dieitur
430 3317 635 3371 «fitiaherilin
683 3331 753 3371 tores
773 3333 867 3372 monet
889 3319 1008 3370 futurum
1029 3327 1072 3379 ut,
1088 3316 1110 3366 si
1133 3319 1195 3387 quis

129 3397 230 3451 Cistell.
243 3399 294 3464 IV,
308 3419 337 3464 a,
352 3400 398 3453 8⁴3.
414 3399 450 3452 N.
618 3429 621 3436 ·
682 3397 788 3451 dederit
801 3412 953 3470 argentum,
968 3398 1066 3448 frustra
1076 3393 1194 3450 dederit.

171 3481 218 3546 78.
240 3478 332 3529 Habet.
349 3479 394 3531 cf.
412 3477 502 3531 Aulul.
519 3476 591 3529 Prol.
610 3477 637 3531 b.
683 3478 758 3546 Quid
776 3479 833 3530 ita?
849 3478 894 3530 hie
913 3495 985 3528 nune
1004 3474 1052 3546 qui
1072 3474 1196 3546 loquitur

128 3556 220 3628 Vulgo
230 3557 341 3620 habitat,
358 3569 446 3610 metro
462 3557 637 3610 minuscom·
680 3559 822 3628 prologus,
846 3575 937 3609 servus
963 3568 1017 3620 est,
1040 3555 1131 3621 furax,
1151 3575 1196 3607 ra·

40 3644 42 3647 ’
128 3635 250 3689 modurn.
264 3637 346 3689 -In
368 3637 443 3689 illisce
465 3636 571 3701 cedibus,
594 3636 638 3688 de·
681 3655 745 3707 pax,
761 3638 849 3707 fugax.
867 3637 901 3687 N.

127 3729 258 3773 monstrat
267 3715 447 3788 Agorastoclis
458 3715 577 3769 domum.
589 3717 623 3768 N.
723 3718 770 3770 86.
788 3717 859 3777 Una,
876 3715 962 3768 simul.
974 3747 1015 3757 -
1029 3713 1135 3766 Periere.
1148 3717 1193 3767 Cf.

168 3815 215 3866 79.
229 3798 350 3850 Revertar
361 3815 451 3848 rursus.
468 3798 509 3848 Ita
523 3797 632 3849 Sueton.
682 3797 786 3867 Captis.
800 3797 856 3859 ΠΙ,
873 3801 907 3860 4,
931 3793 1029 3848 5.-Α
1040 3795 1193 3863 Megaribus.

128 3878 249 3931 Caesare:
270 3879 392 3929 «Rursus
412 3876 523 3946 repetita
544 3876 637 3946 Bithy·
681 3877 820 3947 Appianus
831 3875 956 3942 Punicis,
976 3876 1024 3927 lib.
1042 3876 1074 3925 1:
1091 3901 1102 3920 ι
1116 3875 1194 3927 locus

127 3957 172 4009 uia
189 3982 211 4010 ».
230 3959 270 4009 Ita
284 3957 369 4009 alibiz
394 3956 490 4025 «Ergo
504 3955 608 4026 igitur»
628 3974 634 4007 :
679 3968 720 4008 est
743 3957 897 4027 peramplus
923 3956 951 4007 in
977 3957 1043 4007 urbe
1067 3944 1193 4023 (Cartha-

125 4037 199 4089 πάλιν
217 4032 377 4106 αὗ,ὕστερον
393 4031 476 4100 αὖθις,
492 4047 543 4088 ete.
567 4036 635 4099 Quae
680 4033 752 4106 gine)
782 4037 909 4106 Megara,
943 4035 1075 4087 maenibus
1104 4034 1192 4087 eonti-

124 4115 187 4177 licet
198 4117 316 4188 speciem
326 4117 443 4171 habeant
454 4115 636 4186 βαττολογὲας,
681 4135 775 4188 guus...
788 4117 895 4186 Megara
909 4116 1009 4169 consita
1021 4115 1194 4167 eranthortis
