2654 4778
348 316 521 426 scius
545 358 581 441 1,
607 357 776 427 sessu
799 359 850 425 11.
968 398 976 411 ,
1087 356 1134 428 23

59 477 139 548 Nou
157 478 249 546 enim
270 491 381 573 potest
404 493 551 572 quaestus
568 481 765 564 consistere,
785 480 813 549 si
830 502 907 548 eum
927 494 1056 549 sumtus
1077 504 1132 549 su·

208 602 325 682 perat,
351 576 456 658 soror.

66 695 112 764 Eo
132 694 218 766 illud
236 696 364 767 satiu’st
382 698 460 767 satis
479 697 572 791 quod
593 698 673 767 satis
695 712 745 766 est
766 698 899 783 habitu,
919 721 1019 792 quam
1041 696 1133 793 quod

10 894 13 903 Ι
207 806 284 902 plus
302 822 352 876 sat
370 822 428 878 est
597 823 601 829 ’
686 882 690 890 ,
1104 829 1133 883 ⁷⁵

10 908 19 1001 i
74 937 171 986 ison.
194 922 247 987 Ita
266 942 320 985 me
338 917 372 985 di
393 932 528 1005 ament,
552 931 592 987 ut
613 914 670 987 itta
689 943 743 988 me
761 934 850 989 amet
866 916 1002 1007 malim,
1029 943 1132 1013 quam

10 1004 18 1115 ξ
207 1027 437 1123 umitphto.

10 1126 16 1177 ¹
76 1140 150 1211 Nam
171 1140 227 1210 illa
254 1141 375 1212 mulier
394 1142 538 1238 lapidem
556 1141 683 1214 silicem
703 1144 878 1239 subigere,
902 1159 940 1214 ut
964 1168 999 1214 se
1025 1157 1131 1231 amet,

13 1264 16 1269 '
208 1268 329 1348 potest.
366 1286 368 1292 ¹

72 1379 186 1431 numu.
207 1361 288 1445 Pol,
307 1362 342 1431 id
359 1362 496 1457 quidem
514 1362 607 1432 haud
625 1365 766 1434 mentire
784 1390 792 1432 ε
810 1388 887 1432 nam
906 1379 942 1433 tu
961 1388 996 1434 es
1021 1362 1132 1458 lapide

205 1472 296 1542 silice
317 1472 465 1561 stultior,
556 1508 559 1515 ·
668 1555 674 1563 „

55 1573 134 1672 ¹Qui
155 1581 243 1652 hanc
262 1607 363 1652 ames.
384 1607 492 1655 Acon.
522 1587 568 1653 At
590 1582 685 1671 vide,
708 1584 769 1668 sis,
786 1608 863 1654 cum
884 1583 941 1653 itla
957 1608 1128 1677 nunquam

205 1691 318 1762 limavi
339 1709 449 1788 caput.

55 1804 186 1870 moen.
210 1806 354 1873 Curram
377 1803 482 1898 igitur
501 1801 615 1895 aliquo
641 1801 684 1870 ad
705 1803 887 1897 piscinam,
913 1817 971 1871 aut
1002 1802 1131 1889 lacum,

204 1909 322 1982 limum
336 1910 467 2006 'petum
555 1903 572 1932 '
818 1906 820 1911 ¹
1104 1933 1131 1971 ⁸⁰

50 2023 167 2090 Quos.
185 2022 279 2113 Quid
296 2048 336 2092 eo
352 2022 485 2117 opu'st?
496 2043 623 2092 mum.
642 2024 715 2116 Ego
739 2020 847 2090 dicam
864 2046 873 2089 ε
891 2035 928 2090 ut
947 2019 995 2090 ilii
1014 2036 1048 2091 et
1066 2021 1129 2091 tibi

204 2131 316 2214 limem
334 2147 444 2229 caput.

105 2290 147 2354 76.
162 2285 313 2351 Consulem,
324 2300 406 2351 stare,
419 2288 488 2340 bene
501 2285 569 2339 fleri.
614 2295 735 2351 tantum,
759 2298 888 2357 quantum
913 2286 983 2339 bene
1006 2303 1127 2357 pascere,

58 2426 66 2441 ·
103 2364 201 2434 75.Eo
216 2366 293 2428 iliud,
317 2368 483 2438 etovulgo,
500 2391 512 2415 ι
527 2366 569 2419 Eo
614 2363 661 2418 sed
682 2364 862 2431 mediocriter,
887 2377 918 2418 ut
938 2364 1129 2433 interpretatur

54 2433 127 2496 titud
144 2446 245 2499 satiust
264 2447 327 2500 satis
345 2445 418 2519 quod
435 2447 498 2499 satis
517 2456 571 2510 est,
614 2445 757 2503 Columell.
770 2445 846 2520 mes.
863 2444 911 2497 lib.
923 2445 974 2497 VI.
987 2445 1021 2497 Et
1035 2443 1070 2497 ad
1078 2443 1129 2498 At·

55 2505 163 2577 habitus
177 2525 238 2596 plus
257 2544 338 2596 quam
356 2540 397 2581 sat
419 2539 458 2580 est
474 2551 508 2591 ι,
528 2525 572 2577 in·
614 2524 715 2590 ticum,
731 2525 773 2589 11,
790 2543 832 2595 ep.
846 2542 896 2592 ¹9·
910 2527 971 2575 satis
986 2523 1056 2582 boni,
1072 2541 1127 2576 non

60 2602 224 2658 dicatissima
239 2607 385 2671 sententio,
397 2623 477 2678 quam
490 2603 570 2659 incide
613 2616 668 2657 tam
690 2603 755 2656 boni
778 2621 858 2673 quom
878 2602 942 2656 boui
961 2602 1127 2673 simpliciter,

56 2691 110 2736 uon
136 2683 199 2736 satis
218 2684 380 2739 intellectam
405 2685 570 2756 transpositis
614 2682 688 2736 etin
713 2683 755 2735 111
780 2682 815 2736 de
837 2682 912 2736 Orat.
931 2701 965 2736 η
980 2701 988 2737 :
1006 2709 1017 2731 ι
1031 2682 1129 2735 Orator

60 2761 146 2816 verbis
155 2763 260 2817 librarii
269 2764 499 2819 conturbaverint.
507 2764 570 2817 Aci·
613 2775 654 2816 sot
672 2762 747 2819 bouus
769 2762 840 2815 iutra
856 2764 960 2816 honum
975 2788 999 2815 ι.
1023 2761 1128 2816 Intelli-

59 2839 156 2909 dalius‚
179 2843 338 2908 Salmasius,
359 2845 471 2909 Douzu,
492 2842 570 2896 deni·
613 2840 731 2913 gendum
743 2840 826 2912 igitur
838 2859 846 2894 ε
859 2863 871 2886 ι
884 2839 957 2895 Illud
968 2846 1038 2906 satis,
1053 2838 1128 2912 quod

58 2940 106 2992 que
134 2923 248 2975 Bothius
277 2942 361 2994 pauca
385 2922 570 2977 dissentientes
613 2933 667 2989 est,
680 2941 736 2975 non
747 2921 836 2974 minus
845 2922 977 2992 justo,ut
987 2919 1127 2974 interdum

57 3001 135 3055 uobis
144 3016 271 3056 auctores
282 3004 372 3068 fuere,
384 3016 416 3056 ut
427 3004 517 3056 locum
529 3021 571 3056 se·
614 3012 669 3066 est,
683 2999 813 3064 sedeatis,
829 3000 859 3054 id
871 3014 924 3066 est,
944 3001 1055 3055 omnino
1069 3001 1125 3054 sus·

55 3100 193 3146 naremus,
205 3083 280 3153 cujus
299 3083 344 3137 hio
358 3077 450 3136 sensus
468 3101 475 3134 τ
497 3080 570 3135 Illud
613 3080 705 3134 ficiens
717 3107 741 3135 ι.
754 3081 788 3136 Ν.

55 3161 118 3214 satis
132 3159 207 3232 quod
218 3180 281 3215 vere
293 3162 354 3216 satis
367 3175 406 3215 est
420 3161 487 3215 mihi
499 3161 572 3214 vide·
655 3162 701 3232 78.
716 3161 811 3232 Lapide
826 3161 894 3212 stult.
906 3159 964 3212 Mil.
977 3161 1019 3225 11,
1033 3181 1060 3223 a,
1077 3164 1124 3214 82.

56 3252 101 3293 tur
111 3240 196 3293 sotius
206 3241 320 3308 habitu,
333 3260 413 3313 quam
426 3239 500 3312 quod
509 3241 570 3312 plus
656 3259 702 3310 79.
712 3241 807 3293 Limaoi
820 3251 900 3309 caput.
922 3241 1019 3291 Limon·
1035 3250 1123 3308 caput,

54 3338 139 3391 quam
162 3321 225 3373 satis
249 3335 297 3374 est.
336 3321 463 3385 Bothius,
488 3321 571 3374 neatis
614 3319 910 3389 conjungere,Nouius
923 3319 1124 3388 interpretatur.

55 3397 131 3469 quod
142 3399 301 3466 eatisest»,
319 3400 450 3454 absonum
463 3412 569 3464 censet,
613 3396 667 3451 Sed
690 3401 835 3468 conjungere
860 3416 892 3450 ex
920 3414 952 3449 eo
977 3396 1126 3468 significat,

53 3478 186 3551 priusque
203 3479 286 3551 igitur
301 3479 410 3533 delevit.
432 3478 484 3533 Sed
500 3480 572 3532 Gro·
615 3475 689 3549 quod
703 3478 750 3548 qui
766 3489 895 3530 amatores
910 3493 972 3528 cum
986 3476 1072 3530 amica
1083 3496 1125 3530 ca·

53 3558 153 3611 novius
164 3557 232 3611 illud
242 3570 351 3614 tuetur:
368 3558 527 3613 «interdum
541 3561 569 3611 τὸ
614 3569 666 3627 put
689 3559 820 3628 jungunt,
846 3568 969 3626 tauquam
990 3568 1081 3610 terunt
1098 3568 1125 3611 et

53 3642 118 3690 satis
137 3637 238 3691 minuit
252 3658 327 3705 rem,
343 3651 370 3692 et
391 3651 431 3692 eet
444 3636 572 3709 quodam·
613 3638 709 3690 limant
722 3654 777 3689 sese
794 3647 888 3688 mutuo
903 3633 1040 3699 fricando,
1058 3635 1125 3689 dum

53 3714 143 3770 modo
156 3737 212 3770 nou
227 3720 299 3772 satis.
315 3719 354 3772 Ut
371 3737 454 3790 quum
473 3717 570 3772 Catoni
615 3717 777 3769 osculantur.
785 3717 869 3769 Vetus
886 3716 953 3768 Lex.
970 3719 1062 3768 sociare
1080 3734 1127 3768 ex·

53 3795 90 3849 de
105 3798 146 3848 Re
162 3798 238 3852 Rust.
254 3799 394 3869 cap.137‚
412 3799 486 3850 donus
507 3799 572 3850 loom
615 3797 706 3867 plicat.
721 3796 816 3849 Tuus.

52 3888 95 3929 est
110 3877 230 3947 primus,
249 3882 309 3931 satis
327 3878 403 3931 donus
420 3876 572 3942 secundus,
655 3877 701 3929 81.
723 3875 757 3927 Ut
774 3876 812 3928 illi
825 3875 903 3926 limem
916 3885 998 3943 caput.
1013 3873 1126 3925 Jocstur

52 3954 121 4007 inde
132 3960 225 4009 tertius.
241 3958 334 4022 Quum
354 3956 442 4010 eidem
455 3971 481 4009 et
496 3957 572 4010 Cice·
616 3975 647 4008 ex
659 3955 796 4026 ambiguo,
813 3954 885 4026 quasi
900 3952 1085 4024 Agorastocles
1097 3953 1127 4003 li-

55 4035 122 4088 roni
136 4037 165 4089 in
179 4036 297 4091 secundo
312 4036 346 4089 de
363 4037 468 4090 Officiis
486 4049 573 4090 extre·
617 4054 698 4100 mare,
720 4055 769 4106 pro
791 4035 857 4087 limo
869 4033 1011 4104 inquinare
1025 4045 1051 4084 et
1065 4050 1128 4085 con·

55 4133 104 4169 tuo
118 4116 199 4171 matis
215 4117 285 4171 hene
300 4135 431 4189 pascere·
457 4128 496 4170 est
517 4135 571 4170 non
617 4113 908 4186 spurcarescoepisset.
