2654 4778
348 347 516 416 surus
540 348 594 434 11,
620 348 794 418 sonus
819 349 846 416 1.
975 304 978 310 ’
1084 343 1129 446 37

58 468 209 559 Quando
230 467 265 536 id
285 467 376 562 quod
396 485 445 538 sat
463 485 558 559 erat,
576 471 654 540 satis
673 470 797 539 habere
811 467 936 553 noluit,

58 585 134 675 Ego
154 605 293 674 pausam
311 579 373 649 feci
389 605 397 648 :
416 581 564 675 sic‘ago,
582 582 630 650 sic
649 606 702 650 me
722 581 826 650 decet.

60 695 135 784 Ego
158 690 234 759 faxo
257 688 413 783 posthac,
434 690 470 758 di
492 691 628 786 deaeque
650 693 759 762 caeteri

61 801 297 870 Contentiores
316 825 412 893 mage
433 815 552 889 erunt,
571 817 672 897 atque
690 801 778 871 avidi
800 800 927 889 minus,
1109 819 1134 859 1¹

61 914 179 1002 Quom
200 910 349 997 soibunt,
365 913 490 979 Veneri
508 926 548 980 ut
566 911 684 982 adierit
697 911 777 981 'leno
799 937 947 982 manum.

61 1020 241 1114 Condigue
263 1045 427 1113 aruspex,
450 1045 518 1090 non
540 1021 643 1091 bomo
666 1021 819 1107 trioboli,

59 1129 231 1198 Omnibus
252 1130 285 1196 in
310 1131 394 1198 extis
417 1131 508 1200 aibat
525 1132 680 1226 portendi
704 1131 786 1199 milri

59 1237 191 1307 Malum
211 1238 455 1334 damnumque,
473 1255 507 1309 et
529 1241 608 1311 deos
624 1266 695 1312 esse
714 1242 816 1310 iratos
834 1239 927 1309 mihi.

61 1348 157 1436 Quid
175 1350 205 1417 ei
224 1348 327 1417 divini
346 1365 404 1418 aut
423 1350 562 1420 humani
581 1351 779 1446 aequom’est
796 1348 954 1420 credere?
991 1387 993 1392 ·

60 1460 160 1527 Mina
178 1459 261 1527 mihi
280 1461 411 1554 argenti
430 1460 519 1530 dono
531 1461 671 1557 postilla
691 1462 769 1531 data
778 1460 828 1530 'st

61 1567 151 1654 Sed,
176 1593 305 1660 quaeso,
324 1569 461 1638 ubinam
484 1571 553 1640 illic
572 1573 693 1642 restitit
710 1569 805 1640 miles
823 1568 943 1654 modo,

61 1678 134 1767 Qui
150 1679 237 1746 hanc
255 1679 337 1747 mihi
356 1679 518 1750 donavit?
534 1707 633 1775 quem
652 1707 713 1776 ego
731 1681 846 1750 vocavi
865 1679 907 1748 ad
924 1678 1114 1774 prandium.

62 1785 130 1855 Sed
152 1811 268 1856 eccum
289 1787 445 1858 incendit.
469 1815 551 1874 nur.
572 1796 624 1860 Ita
646 1804 684 1859 ut
698 1790 824 1884 -obcepi
846 1789 972 1887 dicere,

61 1895 226 1983 Leuulle,
249 1896 289 1965 de
310 1896 386 1966 illac
406 1923 519 1992 pugna
538 1900 802 1994 ptenornithica,
1108 1916 1133 1957 2⁵

61 2006 144 2094 Qua
162 2007 333 2101 sexaginta
355 2006 460 2078 millia
482 2011 657 2078 hominum
677 2035 747 2078 uno
766 2009 820 2078 die
1015 1997 1018 2008 ἱ

60 2115 295 2186 Volaticorum
314 2117 468 2187 manibus
486 2119 598 2187 obeidi
617 2119 708 2188 meis.

61 2249 142 2296 nuc.
159 2223 228 2296 Ebl
248 2225 469 2296 volaticorum
488 2229 687 2299 hominum?
704 2252 785 2300 sur.
808 2232 861 2298 Ita
876 2227 952 2296 dico
971 2225 1117 2320 quidem.

61 2412 147 2478 sterit,
161 2431 236 2469 suam
252 2412 307 2485 ipse
321 2432 429 2467 manum
442 2426 515 2468 retro
527 2428 578 2469 tra·
664 2415 712 2470 ab.
722 2414 832 2466 Lenulle.
839 2411 959 2465 Isidorus
970 2413 999 2464 iu
1011 2410 1112 2464 Glossis
1123 2431 1129 2462 :

61 2493 127 2558 hat,
151 2511 269 2562 eumque
284 2492 390 2546 inanem
408 2505 488 2564 atque
502 2495 578 2548 hiau·
622 2495 725 2546 lenallas
732 2513 823 2563 parvus
836 2494 944 2544 lerator.
955 2487 1132 2543 Loeeareidem

61 2585 118 2624 tem
126 2570 260 2625 destituat.
272 2572 329 2624 Hoc
337 2574 397 2625 loco
405 2587 492 2626 antem
500 2575 575 2629 leno:
622 2573 696 2646 quod
709 2575 821 2626 scortari
833 2584 859 2624 et
870 2570 1046 2634 lenocinari,a
1059 2569 1133 2622 Grae·

62 2653 172 2714 Venus,
184 2651 281 2721 inquit,
294 2664 324 2703 ut
336 2671 414 2706 avara
425 2667 474 2718 est,
486 2655 577 2724 plures
621 2673 654 2707 co
666 2657 753 2724 λαικᾷν
771 2666 797 2705 et
810 2651 943 2712 λκικάζιιν.
961 2651 1077 2703 Samos.
1095 2681 1135 2691 -

62 2729 168 2783 assidue
183 2750 199 2784 a
216 2750 260 2782 me
275 2731 373 2784 hostias
389 2735 577 2803 exspectabat,
621 2765 663 2777 -
688 2735 727 2785 De
754 2733 812 2784 illac
838 2750 923 2801 pugna
947 2728 1133 2800 ptenorm‘tbr'ra.

62 2809 182 2880 ideoque
195 2810 271 2862 litare
283 2829 327 2864 me
338 2812 464 2873 nolebat:
478 2825 504 2865 at
513 2831 578 2884 ego,
622 2814 697 2866 Leno
717 2812 834 2874 lenullur,
854 2823 884 2862 ut
902 2810 985 2861 homo
1009 2808 1135 2860 homullus.

61 2909 99 2942 ue
120 2888 256 2961 prosecari
277 2889 386 2960 quidem
409 2904 467 2944 exta
488 2893 579 2957 volui,
624 2891 727 2945 Deinde
741 2889 911 2944 scribendum
921 2889 1135 2957 non‚'utrulgo‚

61 2988 177 3040 eamque
191 2968 309 3021 hiantem
326 2970 437 3041 reliqui,
455 2985 482 3024 et
497 2972 534 3024 sic
554 2972 579 3024 ei
620 2972 818 3043 pentetlronica,
853 2987 941 3038 neque
969 2967 1133 3038 pelethronios

62 3048 119 3101 adii
132 3066 250 3101 manum.
263 3049 376 3102 Munus.
624 3071 685 3104 cum
699 3051 843 3121 Stephane,
854 3047 901 3102 sed
911 3049 953 3100 vel
960 3047 1134 3118 pteromitbica

107 3127 154 3180 13.
166 3129 244 3180 Pares.
253 3129 312 3195 seciss
326 3129 401 3181 Desii
418 3129 577 3182 sacrificare.
623 3149 685 3184 eum
696 3128 878 3193 Heraldo,vel
889 3128 1028 3180 uobiscum
1036 3138 1136 3196 ptenar-

53 3243 56 3248 -
108 3225 155 3278 17.
170 3207 297 3275 Condigae
313 3227 428 3278 aruspex.
451 3209 504 3273 Qui
519 3211 579 3279 jun·
623 3211 724 3262 nirbiea.
739 3208 897 3278 Composuit
911 3224 1005 3258 vocem
1026 3210 1058 3257 ex
1072 3224 1137 3260 πτη-

62 3285 183 3357 gendum
203 3301 311 3340 censent
326 3308 332 3338 z
355 3311 365 3331 u
375 3288 474 3342 Veneri
490 3302 520 3341 ut
535 3287 580 3341 ad·
623 3292 661 3352 νὸς
674 3303 700 3341 et
710 3291 770 3360 ὅρνις
780 3289 877 3358 ὄρνιθος.
892 3286 982 3339 Gaox.

63 3367 127 3419 ierit
139 3366 202 3418 leno
218 3384 326 3418 manum
341 3367 486 3438 condigne.
507 3367 580 3420 Aru·
633 3372 635 3375 ’
667 3387 712 3436 ²7·
737 3367 903 3419 Volaticorum
917 3365 980 3415 bom.
994 3361 1067 3414 Vide
1086 3364 1137 3414 hu·

61 3464 129 3516 spex
146 3470 157 3492 ι
179 3467 185 3495 :
209 3458 236 3497 et
253 3446 399 3515 explicant,
421 3461 502 3516 prout
514 3447 580 3500 irata
619 3446 736 3519 jusmodi
758 3445 885 3497 militares
901 3441 1071 3514 nugas,*Mil.
1088 3455 1137 3494 act.

63 3523 219 3578 velinlesta
232 3527 325 3577 Venus
341 3524 375 3578 de
393 3545 437 3578 me
459 3527 580 3579 mereba·
621 3528 648 3592 1,
663 3544 736 3578 scs.
762 3591 764 3594 y

64 3618 126 3669 tur;
145 3602 291 3656 ostendunt
305 3624 333 3658 se
354 3604 476 3658 nondum
490 3606 579 3658 obser·
667 3607 712 3658 28.
727 3605 964 3657 Ebtoolaticorum.
976 3601 1019 3654 Sic
1037 3601 1135 3655 Grute-

63 3702 153 3748 vasse,
167 3682 304 3753 quomodo
323 3685 433 3737 Plautus
451 3686 500 3738 hac
514 3704 579 3738 voce
608 3715 610 3720 2
624 3703 683 3749 rus,
697 3704 780 3754 quum
796 3686 824 3735 in
836 3684 905 3736 MSS
919 3694 1001 3746 esset,
1015 3692 1045 3733 ut
1065 3694 1090 3734 et
1106 3681 1134 3733 in

64 3763 212 3828 sulcaturi,
231 3761 304 3834 quod
319 3776 345 3816 et
362 3783 441 3835 supra
454 3768 507 3835 jam
520 3783 581 3835 pro-
624 3761 804 3817 nostroncad.
812 3764 981 3815 evolutiroram
989 3780 999 3813 .·
1007 3778 1058 3831 pro
1065 3761 1131 3822 eu‚i.

63 3840 293 3904 diderunt.lux1a
304 3843 389 3896 futilis
400 3857 426 3896 et
438 3845 496 3914 pari
508 3845 581 3896 vani·
625 3844 727 3904 e.ebeu;
740 3861 818 3914 quam
829 3840 977 3895 uonmodo
986 3842 1134 3892 lamentan-

64 3933 121 3974 tate
137 3940 266 3991 aruspex,
281 3923 378 3992 iuquit.
390 3924 581 3978 Gnoso-Non
625 3924 675 3988 tis,
690 3922 736 3975 sed
749 3937 776 3976 et
793 3920 947 3974 admirantis
961 3937 1016 3972 esse
1025 3921 1079 3990 jam
1088 3937 1136 3970 no·

65 4002 137 4052 bomo
148 4001 254 4068 trioboli,
263 4003 391 4072 quemvel
400 4005 516 4057 triobolo
526 4023 581 4057 non
627 4016 717 4055 tarum
732 4003 760 4054 in
780 4003 831 4054 hac
849 4000 954 4062 fabula,
966 4000 1003 4063 V,
1016 4018 1048 4064 a,
1070 4003 1135 4070 147,

65 4081 206 4135 aestimem.
219 4082 305 4153 Supra
316 4083 347 4146 Ι,
360 4103 393 4149 a,
406 4085 451 4137 68.
627 4097 654 4136 et
668 4080 793 4149 naun,
806 4091 821 4145 4
832 4120 842 4148 ,y
854 4100 880 4133 a.
897 4080 988 4133 Gnox.
