2654 4778
348 371 576 461 iniust,
601 371 773 442 scuni
797 374 853 440 11.
1085 397 1126 442 αι

63 476 145 580 Quae
169 491 232 565 tihi
253 489 347 561 olant
365 492 532 565 stabulum
556 509 770 588 statumque,
795 491 909 563 sellam
931 506 967 564 et
987 495 1132 565 sessibu-

207 599 279 671 lum
297 627 451 673 merum:
838 674 844 695 ,

68 709 155 798 Quas
176 710 261 779 adeo
284 712 374 782 haud
395 716 570 810 quisquam
593 739 744 810 unquam
764 698 847 783 libei
872 714 1004 810 tetigit,
1024 739 1132 810 neque

208 820 305 892 duxit
324 823 486 894 domum:

63 927 277 1000 Servolorum
296 933 544 1004 sordidulorum
564 949 674 1004 scorta
692 932 889 1002 diobolaris.

57 1061 189 1110 muru.
204 1065 543 1122 (massmannum).
556 1049 573 1115 Ι
586 1047 623 1113 in
636 1042 757 1114 malam
773 1069 906 1113 crucem
920 1069 928 1112 :
949 1041 1019 1113 tun'
1031 1042 1135 1114 nudes

209 1153 310 1221 etiam
327 1178 438 1224 servos
456 1178 632 1248 spernere,

48 1257 273 1355 Propudium
283 1263 298 1332 Ρ
309 1264 403 1357 quasi
416 1261 503 1333 bella
520 1265 581 1352 sit,
594 1265 690 1359 quusi
707 1287 841 1358 eampse
851 1287 945 1358 reges
961 1261 1134 1333 ductitent.

42 1367 115 1438 ltu
131 1387 321 1441 monstrum
338 1371 510 1444 mulieris!
525 1374 655 1445 tantilla
670 1389 762 1444 tanta
781 1372 882 1442 verbu
895 1370 1060 1461 funditas,
1110 1395 1135 1435 σι

38 1584 145 1642 dum:
161 1609 225 1644 num
240 1590 577 1647 Sobinidioebsntscoenum
666 1593 715 1650 68.
738 1593 891 1648 Servulorurrt
916 1591 1035 1646 sordidul.
1056 1607 1136 1646 soona

41 1681 114 1735 loro
125 1690 217 1725 cunum
232 1691 243 1724 .·
263 1684 295 1724 ut
303 1673 399 1725 sculum
411 1691 463 1746 pro
474 1675 558 1726 culum
565 1715 574 1740 ,
620 1674 766 1727 diobolaris.
778 1672 956 1727 Meretriculsr
968 1671 1137 1740 diobolsres,

46 1760 93 1801 et
104 1770 181 1802 sooeuo
194 1770 245 1821 pro
258 1771 325 1803 coeua
335 1771 345 1804 .·
359 1752 422 1806 hinc
437 1754 575 1814 obscurius,
620 1753 742 1809 vilissimi
764 1753 883 1825 generis,
912 1770 1025 1824 qunque
1047 1771 1135 1821 urere·

45 1843 152 1883 acerno
166 1831 222 1884 sive
235 1850 311 1885 coeno
323 1832 456 1885 obnoxius
471 1851 478 1887 ε
492 1834 577 1886 msui-
619 1834 683 1887 bunt
705 1833 785 1886 binos
807 1832 918 1897 obulos,
935 1831 988 1884 hoo
1008 1844 1063 1896 est,
1086 1831 1135 1886 dn·

47 1901 130 1963 ‘esto
151 1923 270 1964 retentus
290 1912 318 1963 in
341 1913 487 1983 composite
510 1931 577 1967 voce
610 1912 751 1986 'pondium
764 1932 771 1967 :
786 1912 815 1965 id
829 1912 916 1977 enim,
931 1910 1076 1982 mopinot,
1086 1911 1135 1967 ds·

55 1987 238 2043 Sabinismns.
251 1990 324 2055 Quin
343 1991 398 2044 imo
418 2005 445 2046 st
462 1993 514 2046 hoc
533 2011 576 2046 nr·
620 1994 751 2047 clamator
776 1990 850 2065 upud
877 1993 1005 2045 Senecam
1029 1992 1136 2055 innuit,

55 2082 191 2137 grumento
204 2087 260 2122 esse
271 2083 374 2141 potest,
387 2070 461 2142 quod
474 2071 577 2126 eruditi
620 2074 661 2125 VI
677 2072 934 2127 Controuersiarum
948 2088 955 2123 :
974 2095 986 2118 ι
999 2072 1074 2125 Itone
1092 2071 1137 2125 de·

59 2143 177 2201 lectores
189 2147 335 2203 dictionem
348 2151 577 2222 uquipollentem,
619 2170 679 2206 cem
712 2155 824 2224 juvenes
856 2152 995 2223 perierunt
1023 2163 1137 2224 propter

61 2225 110 2280 sed
122 2230 257 2282 notiorem
274 2219 363 2300 (curru)
373 2231 575 2286 substituerunt.
621 2231 778 2304 dupondius
789 2230 878 2285 duos?
890 2256 901 2278 ι
918 2230 935 2282 J
938 2271 945 2284 .
957 2230 1030 2284 Gur..

63 2306 124 2360 Jam
148 2320 239 2361 autem
262 2309 308 2362 illu
330 2307 365 2361 de
389 2311 504 2378 solano,
527 2330 577 2365 un·
663 2312 743 2382 59.1
763 2315 789 2364 iu
809 2312 897 2363 malum
919 2329 1021 2362 crucem.
1042 2311 1133 2365 Aulul.

63 2400 164 2456 guento
183 2387 275 2441 nescio
301 2408 374 2460 qno,
399 2407 478 2444 meru
499 2411 577 2463 nugis
621 2391 785 2457 111,3,11.

64 2480 137 2521 sunt.
156 2469 224 2522 Sane
237 2480 268 2520 ut
280 2468 325 2521 hic
348 2487 457 2523 uscoeno
472 2470 578 2524 delibu-
664 2475 709 2524 60.
731 2472 827 2542 uagos,
847 2487 916 2540 supe
940 2467 1135 2538 opulentissimi

65 2557 143 2612 tus»,
165 2546 201 2600 itu
215 2546 280 2600 olibi
294 2549 426 2601 lutulentas
440 2562 466 2603 et
478 2555 580 2604 immur-
621 2551 761 2618 homines,
787 2568 841 2602 non
864 2548 951 2601 solum
974 2548 994 2600 ii
1018 2549 1065 2619 qni
1091 2567 1133 2600 re-

63 2625 109 2677 das
118 2628 250 2680 nominat.
262 2628 373 2682 Trucul.
385 2630 437 2692 IV,
453 2636 485 2694 4:
501 2658 511 2679 ι
525 2632 579 2683 Bli-
621 2643 712 2702 gnent.
724 2631 768 2683 Sic
782 2627 853 2681 llud.
864 2628 915 2693 IV,
930 2647 956 2692 2,
976 2630 1011 2680 26
1024 2645 1031 2679 τ
1045 2646 1133 2680 «mer-

64 2717 106 2758 tea
120 2719 148 2760 et
161 2709 234 2760 lutee
250 2720 290 2761 est
301 2709 442 2773 meretrix,
456 2710 508 2763 nisi
518 2730 579 2783 qum
621 2723 739 2764 caturam
765 2709 873 2771 luciam
896 2696 969 2779 u'pud
990 2724 1065 2778 reges
1087 2725 1133 2759 rex

64 2786 134 2856 sapit
150 2786 178 2839 in
199 2787 265 2839 rino
288 2787 321 2840 sd
341 2807 398 2841 rem
416 2807 491 2842 suam
503 2816 527 2841 s,
544 2793 579 2843 Et
621 2789 823 2862 prohibebor».
839 2788 948 2841 Terent.
964 2787 1087 2840 Eunuoh.
1105 2788 1134 2852 1,

64 2865 240 2936 Syncerastus
265 2865 300 2920 de
323 2868 421 2921 lenone
444 2869 558 2922 inferius
570 2887 578 2923 ε
624 2889 655 2935 s,
666 2870 718 2942 88:
737 2894 748 2916 ι
759 2886 833 2940 reges
845 2880 872 2920 et
880 2867 978 2938 regium
989 2865 1131 2919 ».Phorm.

64 2964 177 3017 «neque
198 2959 253 2998 tum
279 2947 384 3011 lutens,
412 2965 501 3020 neque
525 2962 579 3003 tum
621 2949 644 3016 1,
660 2967 686 3013 s,
704 2966 762 3003 so:
783 2965 894 3017 «regem
915 2964 959 2998 me
976 2963 1032 2998 esse
1051 2964 1134 3015 opor-

64 3043 143 3077 coeno
156 3025 300 3079 collitus».
316 3027 378 3080 Non
396 3045 462 3081 vero
478 3029 578 3082 mirum
622 3028 675 3082 tuit
685 3054 713 3094 n,
735 3027 755 3081 i.
767 3045 790 3081 e.
805 3025 927 3079 divitem.
940 3055 980 3067 -
994 3026 1132 3078 Ductiterrt.

63 3121 131 3157 vooe
156 3105 254 3159 Sabina
276 3124 337 3159 eum
361 3107 415 3170 uti,
439 3127 522 3179 quum
545 3128 580 3162 ex
623 3108 690 3161 Fere
714 3126 820 3179 semper
839 3105 1036 3178 frequentativo
1057 3105 1133 3157 notio

63 3183 209 3237 Macrobio
218 3185 360 3251 disoumus,
369 3188 504 3241 llomanos
513 3189 581 3240 mul·
622 3189 692 3241 inest
699 3186 841 3258 cupientis,
850 3185 971 3239 consutis
981 3180 1084 3255 aliquid
1095 3184 1136 3236 us

64 3275 90 3316 ts
110 3264 280 3327 Tuscorum,
299 3267 449 3332 Oscorum,
468 3268 580 3321 Sabino·
623 3286 684 3321 cere
702 3267 785 3337 magis
797 3282 878 3336 quum
892 3264 1021 3317 facientis.
1033 3263 1134 3335 Amph.

63 3362 181 3414 rumque
190 3345 500 3399 finitimorumvocabula
507 3366 582 3400 usur·
622 3348 667 3412 11,
686 3365 712 3410 s,
732 3347 797 3417 175,
813 3345 952 3397 dormitare.
970 3342 1045 3397 Asin.
1062 3343 1090 3407 I,
1107 3360 1134 3407 t,

63 3440 150 3493 passe.
165 3425 275 3478 Munus.
289 3423 399 3478 -Vid
406 3426 441 3478 fr.
451 3427 580 3481 Asu-abts.
626 3445 677 3489 so,
692 3429 841 3494 pransitans.
859 3422 960 3475 Cistell.
973 3423 1024 3488 1v,
1042 3441 1070 3488 2,
1083 3427 1135 3488 πά,

109 3503 157 3556 56.
173 3505 311 3558 Stabulum.
322 3503 395 3557 Vide
408 3504 443 3558 sd
459 3524 498 3559 rs.
510 3524 581 3577 prse-
622 3505 774 3575 grossitudo.
804 3503 915 3556 Curcul.
938 3503 989 3567 IV,
1016 3508 1055 3568 4,
1082 3519 1135 3568 ru,

65 3581 126 3636 ced.
135 3583 234 3636 Isidori
249 3585 457 3638 enarrationem.
468 3615 508 3626 —
522 3584 581 3637 Sta·
625 3590 727 3638 territes.
748 3584 807 3636 Mil.
828 3585 874 3646 ll,
897 3582 932 3647 3,
953 3589 1001 3647 lt,
1015 3582 1136 3634 venditat.

66 3674 171 3733 tumque.
199 3665 320 3736 Simplex
340 3682 393 3735 pro
415 3666 581 3736 composito,
624 3661 1097 3734 Virg.AEn.11‚4st‚premam.N.

64 3741 85 3792 i.
99 3760 122 3796 e
137 3743 269 3796 sotionem
282 3743 441 3815 prostnndi,
454 3746 496 3797 bis
507 3743 581 3798 idem
666 3747 712 3796 61.
732 3744 879 3797 Monstrum.
904 3740 1015 3813 Aliquid
1041 3753 1138 3813 proter

64 3840 141 3875 nunc
152 3821 219 3875 dicit
230 3823 291 3876 loco
304 3835 331 3876 et
344 3825 438 3877 lmbitu
449 3842 581 3896 pemone,
626 3835 766 3888 naturam,
783 3823 835 3876 hoc
852 3822 912 3875 loco
928 3819 1139 3892 pulchritudinis

65 3912 100 3952 ut
122 3899 228 3956 duobus
247 3916 311 3971 post
330 3904 445 3957 «sellam
460 3917 488 3957 et
505 3905 582 3958 sessi-
626 3921 715 3956 sensu.
743 3904 848 3972 Nempe
875 3899 951 3973 qnod
976 3913 1140 3953 monstretur

65 3981 203 4032 bulum».
219 3983 253 4034 N.
626 3981 796 4035 sdmirsndo.
810 4011 851 4022 -
864 3980 976 4033 Tautr'lla
993 3991 1078 4043 touta,
1089 3993 1140 4032 etc.

112 4061 159 4128 57.
177 4064 257 4114 Duxit
271 4063 376 4117 mum.
393 4063 519 4117 Bacchid
531 4064 584 4128 IV,
627 4060 702 4115 Adeo
712 4062 789 4115 ferox
801 4074 840 4114 est
853 4060 1024 4126 muliercule,
1040 4059 1144 4114 tantilla

72 4159 122 4208 ro,
138 4143 165 4194 6.
627 4142 728 4196 mulier
740 4141 816 4196 tants'
826 4141 909 4194 verbe
924 4137 1049 4193 lunditst.
1062 4140 1098 4193 ll.
1107 4132 1252 4496 r
