2654 4778
285 364 454 432 ACTUS
478 365 561 449 ΙΙΙ,
585 356 749 434 SCENA
774 364 847 432 111.
1053 368 1102 461 49

101 507 126 551 v.
140 481 206 552 Illic
224 485 328 553 homo
345 486 464 578 estqui
484 485 654 579 egreditur
672 485 759 554 leno.
779 509 886 556 conr..
899 489 1014 555 Bonus
1032 502 1103 576 est;
1153 518 1156 525 ·

179 620 258 663 nam
279 595 396 664 similis
419 593 506 664 malo
527 610 585 665 est.

100 729 214 776 nnunc
230 730 293 801 ego
312 705 361 775 illi
383 707 566 800 egredienti
585 706 779 801 sanguinem
801 732 955 801 exsugam
973 707 1102 802 procul.

325 965 531 1054 SCENA
563 966 823 1052 TERTIA.

173 1187 338 1272 LYCUS‚
356 1186 612 1272 ADVOCATI,
638 1186 962 1258 COLLYBISCUS.

99 1374 115 1458 ι.
133 1391 204 1458 Jam
225 1389 311 1458 istuc
329 1413 392 1482 ego
410 1400 578 1472 revortar,
596 1384 697 1453 Miles
712 1411 720 1454 ε
735 1387 890 1457 convivas
907 1388 983 1460 volo

99 1502 194 1595 p'erire
212 1501 310 1570 nobis
333 1498 540 1583 conmodos,
558 1497 617 1590 qui
639 1521 707 1564 una
728 1497 833 1584 sient3

99 1610 175 1679 eribi
191 1608 389 1679 adtulterint
407 1623 503 1695 exta;
521 1620 620 1701 atque
639 1605 753 1674 eadem
772 1605 927 1678 mulieres

99 1745 108 1788 ι
128 1722 170 1790 ab
191 1748 226 1789 re
249 1720 380 1806 divina,
399 1719 518 1804 credo,
542 1717 751 1810 adparebunt
770 1717 873 1787 domi.

99 1831 199 1926 quid
215 1831 282 1898 huc
301 1845 431 1898 tantum
445 1828 622 1897 hominum
638 1826 821 1897 incedunt?
838 1831 1038 1925 ecquidnam
1055 1836 1107 1904 ad·

181 1941 320 2009 ferunt?
1038 1968 1041 1972 ·
1094 1968 1106 2007 s

98 2048 147 2118 dle
165 2049 393 2144 chlamydatus
409 2050 564 2142 quisnam
577 2047 634 2134 ’st,
653 2049 711 2143 qui
728 2050 879 2143 sequitur
897 2052 1039 2145 procul?

98 2156 290 2229 .AEtoli
263 2159 363 2226 crvcis
381 2171 414 2225 te
434 2157 630 2244 salutamus,
648 2161 757 2252 Lyce·

98 2294 245 2363 tmquam
264 2269 352 2336 hanc
373 2267 512 2336 salutern
531 2268 670 2336 ferimus
688 2267 784 2335 inviti
803 2269 883 2360 tibi,

98 2404 295 2475 quamquam
316 2378 401 2446 bene
420 2377 574 2446 volumus
591 2377 707 2446 leviter
727 2376 912 2447 lenonibus.

100 2545 109 2559 .
128 2489 306 2559 Fortunati
324 2488 453 2557 omneis
469 2489 560 2574 sitis,
578 2485 670 2579 quod
688 2501 777 2555 certe
799 2489 867 2555 scio

97 2671 118 2716 :‚
144 2664 172 2702 et
200 2651 267 2703 alios
295 2651 369 2722 sequi
393 2668 419 2702 se
442 2649 546 2720 jubent.
590 2649 681 2721 quiin
701 2647 911 2722 eoquodsacit,
929 2651 983 2703 sive
1003 2653 1102 2706 malum

99 2748 138 2782 ιω
160 2731 205 2783 hic
227 2742 288 2783 sunt
307 2729 428 2782 homines
449 2730 547 2781 urbani
590 2730 636 2793 id,
653 2730 708 2781 sive
722 2729 826 2780 bonum
840 2729 890 2793 sit,
904 2729 992 2782 virum
1008 2750 1063 2785 sese
1076 2747 1103 2786 et

97 2829 113 2861 -s
125 2810 235 2862 assiduos
249 2814 309 2861 cives
323 2811 352 2862 in
367 2809 444 2863 Trin.
457 2801 547 2876 vocat)
590 2810 718 2861 eximium
738 2820 853 2877 praestat.
869 2810 910 2861 Ex
929 2812 1053 2882 ambigua
1067 2812 1103 2865 si·

97 2890 144 2942 tari
168 2890 309 2941 hominum
334 2890 426 2958 generi
446 2890 548 2959 opponi
588 2888 760 2958 gnificatioae
774 2893 816 2939 τοῦ
834 2888 909 2940 bonus
926 2903 1050 2960 captatur
1065 2895 1102 2962 jo-
1148 2957 1152 2963 .

97 2971 182 3038 luitue
204 2970 297 3022 soliti:
321 2981 351 3021 ut
375 2968 546 3032 etinimicis,
589 2986 643 3021 cus.
677 2967 890 3038 Subintelligitur
919 2983 1009 3023 autem
1039 2973 1101 3026 leno.

97 3049 133 3112 V,
157 3047 183 3100 5.
198 3049 340 3100 Lrnnunn.
360 3078 400 3090 ·-
423 3048 547 3100 Rusticus
589 3049 733 3100 Βοιιιιοιιιι.
754 3078 794 3089 -
819 3040 1037 3114 eontanas,
1061 3050 1097 3114 3,

97 3127 173 3180 [lator
189 3130 277 3180 nescio
291 3147 324 3179 an
336 3125 437 3197 aliquid
451 3145 545 3197 parum
590 3123 624 3179 ιι
642 3145 649 3178 :
668 3153 680 3174 ι
690 3125 758 3179 Nam
766 3144 854 3196 neque
866 3145 977 3198 usquam
990 3129 1102 3205 fictum,

97 3206 221 3259 cundum
247 3208 296 3260 sub
323 3207 365 3258 his
388 3205 547 3259 intellexerit
588 3224 675 3278 neque
688 3207 805 3276 pictum,
827 3224 914 3276 neque
927 3209 1056 3260 scribtum
1070 3208 1100 3260 in

97 3287 187 3338 ›tuerit
198 3287 319 3356 intelligi
331 3287 365 3338 N.
587 3285 737 3355 poematis,
754 3285 809 3335 Ubi
821 3284 880 3336 lena
892 3286 950 3336 hene
962 3300 1022 3357 agat
1037 3306 1097 3358 quaa

97 3369 124 3419 6.
140 3366 224 3417 Bonus
242 3379 294 3428 ειη
311 3385 366 3416 nam
384 3365 481 3429 similis,
494 3376 543 3418 etc.
581 3367 655 3434 frugi
668 3382 723 3416 esse
737 3363 827 3415 volt».
842 3363 875 3414 Ν
1049 3423 1055 3431 ¹

96 3444 187 3515 ·quid
213 3447 264 3498 sibi
287 3446 399 3508 vellent,
421 3443 546 3497 videntur
629 3446 675 3512 37.
684 3442 781 3493 Procul
794 3441 872 3493 Scen.
866 3461 939 3517 ..aeq
953 3448 980 3498 6.
1049 3434 1053 3493 f

96 3542 168 3577 rasse
179 3538 345 3596 interpretes
365 3523 430 3576 Ideo
448 3536 544 3576 tacent.
631 3545 657 3577 ι.
675 3520 826 3586 Commodos,
844 3521 958 3588 facetos,
972 3525 1096 3578 urbanos.

96 3604 172 3657 :entia
198 3619 267 3658 est.
296 3606 387 3656 Bonus
416 3604 475 3655 leno
498 3615 545 3655 est.
588 3601 659 3656 Vide
672 3599 795 3651 Lambru
810 3598 843 3652 ad
856 3601 922 3655 Hor.
935 3601 988 3655 0d.
1004 3604 1054 3669 IV,
1067 3602 1094 3658 8.

96 3701 117 3747 1,
127 3697 257 3753 quantum
269 3703 301 3737 ex
315 3685 426 3737 ιιιΙιιι
403 3702 459 3752 ejus
470 3682 546 3735 colli·
630 3684 656 3735 3.
665 3678 749 3732 Adtul
748 3683 825 3745 erint,
841 3681 970 3734 adferent.
984 3683 1026 3736 Cf.
1037 3684 1098 3736 Mil.

104 3763 197 3815 similis
208 3764 288 3827 malo
298 3764 384 3816 malus
395 3775 442 3815 est
456 3763 547 3814 Bonus
587 3764 611 3826 Ι,
628 3780 653 3826 ι,
667 3758 710 3811 50.
725 3789 763 3800 -
781 3760 858 3811 Eaeta.
869 3760 966 3830 Supra,
979 3762 1017 3827 ΙΙ,
1033 3780 1057 3827 1,
1069 3765 1096 3815 8.

96 3841 545 3912 Wemenonpotestnisisitmalus
589 3837 746 3891 -Eadem
759 3838 855 3891 Bacch.
869 3838 892 3903 Ι,
908 3858 933 3903 ι,
948 3840 989 3894 ι’5.
1002 3801 1035 3894 Ν.

98 3940 129 3974 us
143 3921 205 3974 leno
218 3941 281 3992 ergo
294 3921 402 3985 dicitur,
414 3935 444 3975 ut
459 3922 547 3973 bonus
631 3924 657 3971 6.
671 3917 771 3969 Procul.
783 3917 886 3988 Captiv-
899 3919 951 3986 IV,
966 3938 997 3984 a,
1010 3925 1038 3975 8.

96 4021 122 4063 r,
138 4002 221 4054 miles.
236 4003 326 4054 Bonus
339 4021 408 4054 emm
421 4019 476 4053 nou
489 4013 546 4051 tan
631 4018 658 4068 7.
671 3996 790 4050 AEtoli
767 4012 857 4049 σινιιι·

96 4093 171 4144 est,
189 4100 237 4152 qur
248 4082 346 4136 virtute
357 4081 478 4145 excellit
498 4077 545 4132 sed
590 4098 651 4134 rum
664 4077 809 4131 haberetur

113 4183 186 4249 III.
