2654 4778
198 324 244 395 32
592 323 879 407 POENULUS,

195 446 324 518 Oculus
342 444 460 537 hujus,
476 441 645 538 lippitudo
664 469 757 532 mea,
776 443 841 514 mel
864 444 984 539 hujus,
1001 445 1046 515 fel
1065 471 1201 536 meum,-

194 563 244 630 Ut
266 573 303 626 tu
323 556 401 624 huic
418 555 502 622 irata
520 579 563 622 ne
584 555 645 638 sis;
666 571 742 643 aut,
765 557 790 624 si
811 555 846 624 id
865 555 937 624 lieri
956 581 1026 626 non
1048 573 1159 652 potest
1162 611 1221 628 .....

197 670 320 765 Capias
336 668 468 753 restim,
482 689 521 735 ac
540 680 572 734 te
583 666 765 761 suspendas
777 691 853 735 cunr
864 667 948 734 hero
960 682 993 736 et
1003 671 1114 737 vos'tra
1134 666 1267 737 familia.

197 785 287 852 Nam
302 778 386 846 mibi
401 779 469 871 jam
488 777 585 844 video
605 793 793 872 propterte
814 778 1032 848 victitandum
1050 778 1194 869 sorbilo,
1234 800 1268 840 1⁸⁵

198 895 316 983 Itaque
336 889 405 982 jam
427 889 522 980 quasi
541 903 725 957 ostreatum
742 903 872 982 tergum
894 887 1061 958 ulceribus
1083 890 1224 984 gestito,

131 1001 137 1013 “
197 1005 341 1095 Propter
359 1023 506 1066 amorem
526 1012 688 1067 vostrum.
712 1023 867 1068 11111111.
890 1000 1036 1088 Amabo,
1049 999 1137 1069 men’
1154 1001 1268 1096 prohi-

347 1109 426 1177 bere
448 1107 616 1204 postulas,

199 1225 250 1293 Ne
265 1236 296 1289 te
309 1221 460 1288 verberet
469 1221 600 1314 ,magis
611 1244 711 1313 quam
725 1245 766 1288 ne
775 1221 920 1288 mendax
933 1245 987 1291 me
1001 1182 1181 1290 advorsum
1191 1221 1271 1291 siet?

202 1358 282 1403 Aur.
313 1331 450 1424 Aliquid
467 1329 550 1398 huic
576 1330 763 1424 responde,
779 1331 899 1400 amabo
908 1329 1122 1419 ,conmode,
1152 1356 1197 1400 ne
1223 1325 1272 1400 in-

348 1440 533 1510 conmodus

203 1553 310 1623 Nobis
327 1552 393 1621 sit:
414 1573 492 1617 nam
503 1548 639 1639 ¹detinet
659 1573 720 1617 nos
738 1548 781 1617 de
799 1563 916 1618 nostro
937 1550 1081 1644 negotio.
1240 1578 1275 1617 uo

107 1717 111 1727 .
204 1686 356 1733 11111111.
372 1665 511 1730 Verum.
528 1660 638 1727 Etiam
654 1659 715 1726 tibi
733 1659 821 1728 hanc
839 1660 990 1728 amittam
1009 1659 1145 1728 noxiam
1159 1682 1276 1743 unam,

352 1767 594 1864 Agorastocles.

205 1886 284 1955 Non
302 1907 377 1952 sum
394 1880 489 1948 irata.
507 1903 615 1948 soon.
633 1879 714 1947 Non
732 1879 791 1947 es?
808 1903 961 1950 11111111.
980 1866 1275 1952 Nomentana.

350 1995 403 2060 Da
424 2014 524 2083 ergo,
543 2003 580 2057 ut
603 1988 761 2074 credam,
781 1990 918 2058 savium.

210 2125 361 2173 11111111.
378 2103 462 2169 Mox
479 2098 566 2166 dabo
577 2123 708 2192 ‚quom
727 2042 769 2166 ab
787 2124 822 2167 re
840 2101 953 2168 divina
973 2100 1115 2169 rediero.
1134 2123 1248 2171 acon
1262 2100 1278 2166 1

329 2234 435 2303 ergo
456 2224 602 2278 strenue.

144 2356 146 2361 ’
209 2346 362 2395 anatra.
381 2325 527 2414 Sequere
546 2345 618 2405 me,
638 2310 744 2390 soror.
767 2346 871 2392 soon.
892 2327 1003 2456 Atque
1021 2321 1136 2393 audin’
1157 2320 1280 2418 etiam?

353 2432 476 2502 Veneri
500 2431 601 2500 dicito

241 2559 725 2630 .181.011ρί111-11111’11,1111111190
769 2561 853 2612 verbo
875 2561 987 2627 sorbeo,
1011 2561 1117 2625 sorbilo,
1139 2558 1281 2618 sorbilare.

211 2644 268 2697 haec
283 2641 434 2694 attribuunt
448 2639 631 2709 Adelphasio,
650 2636 726 2709 quod
770 2637 852 2691 Unde
873 2653 900 2692 et
918 2660 1018 2695 nornen
1035 2643 1149 2695 sorbilum
1163 2663 1215 2715 pro
1231 2664 1282 2698 sor·

212 2723 300 2774 lusum
317 2719 451 2777 comicum
468 2719 623 2790 perturbat,
646 2730 727 2788 atque
771 2719 881 2784 bitioue,
892 2732 944 2773 uta
957 2733 1063 2774 monstro
1075 2736 1243 2792 monstrum,
1257 2736 1282 2778 et

214 2801 370 2854 orationem.
386 2800 420 2851 Et
434 2799 506 2850 enim
519 2799 557 2850 sic
569 2797 673 2850 nullutn
683 2798 730 2849 ha·
771 2798 877 2852 similia.
890 2799 1007 2855 Seruus.

214 2883 281 2933 beat
305 2898 410 2932 sensum
431 2898 437 2928 ε
466 2896 548 2930 ruam
571 2877 636 2929 mihi
659 2880 729 2948 jam,
816 2897 880 2948 191.
897 2881 995 2934 Verrem.
1010 2880 1282 2954 Adsentientisperti·

215 2973 288 3013 otc.»
308 2956 353 3010 sed
369 2956 515 3010 ridiculum
528 2957 729 3028 eliciturejoco
772 2959 830 3011 cula
858 2961 955 3031 passim
979 2974 1033 3027 est,
1062 2981 1154 3016 oerum.
1173 2964 1282 3017 Terent.

216 3052 314 3110 praeter
328 3049 520 3108 exspectatum.
532 3037 642 3107 Quippe
657 3049 731 3107 post·
772 3039 841 3092 Eun.
854 3040 894 3105 ΙΙ,
912 3061 946 3094 sc.
963 3043 978 3096 3
997 3060 1004 3094 :
1022 3041 1160 3096 «Comites
1176 3042 1283 3115 sequuti

219 3138 300 3191 quam
310 3119 430 3170 servolus
442 3135 542 3189 procax
555 3117 685 3170 submisse
694 3118 732 3169 in·
773 3119 871 3172 scilicet
900 3134 963 3173 suut
989 3120 1139 3192 virginem?
1165 3141 1211 3178 cu.
1229 3122 1283 3176 Ve-

218 3200 291 3270 cepit
307 3217 399 3262 orare,
415 3208 442 3249 et
463 3195 568 3250 addidit
587 3217 594 3248 ε
618 3198 694 3249 «Aut
708 3197 731 3249 si
772 3218 832 3251 rum
842 3225 866 3252 ι.
877 3200 933 3252 Ubi
945 3202 1065 3255 Donatus
1076 3216 1159 3259 notat,
1171 3204 1283 3276 incepti·

219 3279 280 3333 fieri
295 3298 350 3332 non
364 3289 452 3350 potest
466 3303 494 3341 ι,
509 3288 675 3348 exspectatur
687 3277 732 3328 ali·
774 3297 832 3331 vam
854 3298 909 3333 esse
928 3282 1102 3352 particulam,
1115 3302 1171 3335 non
1194 3284 1283 3337 relati·

216 3378 272 3431 qua
291 3360 333 3412 rel
355 3357 545 3428 despondentis
565 3356 664 3422 animi,
688 3357 731 3409 vel
774 3377 832 3410 vam
848 3379 854 3410 :
870 3373 912 3426 at,
935 3361 1029 3413 melius
1054 3360 1188 3428 dicerent,
1211 3365 1284 3418 affir-

216 3441 352 3510 querentis
364 3439 458 3490 misere
468 3436 635 3508 deprecatio,
645 3436 691 3489 sed
703 3438 731 3490 iu
774 3440 900 3492 motivam
916 3459 979 3493 esse.
992 3441 1126 3512 Frequens
1139 3442 1182 3494 illi
1195 3442 1285 3497 Comi-

216 3536 368 3572 maxumam
400 3519 496 3569 malam
524 3536 630 3570 crucem
658 3519 732 3588 jubet
774 3536 825 3571 co:
843 3521 953 3573 etvalet
975 3519 1046 3573 idem
1065 3525 1192 3590 prorsus,
1211 3521 1285 3595 quod

215 3618 274 3652 eam
285 3616 391 3650 rrecum
402 3597 515 3649 lenone
508 3612 672 3668 importuno
688 3598 722 3651 N.
774 3602 829 3651 imo.
845 3599 1015 3652 Acmen.—
1029 3601 1109 3654 Conl.
1124 3602 1285 3657 Menaechm.

264 3679 329 3733 185.
346 3677 512 3729 ''irritandnm
530 3679 660 3730 sorbilo.
640 3675 730 3729 Video
774 3679 800 3727 V
803 3697 851 3748 „7
867 3678 912 3730 35.

197 3758 286 3814 ¹milri
312 3769 423 3827 propter
447 3770 471 3810 te
497 3756 676 3829 vapulandum
704 3769 731 3809 et
818 3758 881 3826 193.
899 3759 961 3810 Mox
975 3759 1046 3812 dabo.
1064 3760 1092 3813 Si
1105 3779 1179 3813 nunc
1193 3759 1286 3824 daret,

217 3836 391 3911 gemendum.
413 3836 530 3910 Suspiria
553 3838 624 3889 enirn
644 3849 670 3889 et
687 3855 730 3906 ge·
771 3856 828 3889 non
841 3850 907 3890 esset
920 3857 996 3909 pura.
1014 3840 1055 3892 Cf.
1072 3860 1150 3913 supra
1167 3843 1287 3914 11137.

221 3917 302 3971 mitus
318 3917 526 3988 vapulantium'
518 3918 655 3970 imitantur
676 3916 731 3986 spi·
772 3918 907 3986 -Quom
926 3919 957 3970 ab
970 3941 995 3970 re
1009 3918 1126 3974 divinar
1146 3921 1212 3976 Vid.
1206 3942 1287 3995 ..sup

217 3999 301 4052 ritum
315 3996 889 4065 111111111111.Τ11111111.-111-11137.

216 4090 293 4132 ctum
317 4091 371 4145 est,
393 4076 554 4130 victitandum
579 4075 728 4130 sorbilare
817 4079 1286 4150 194.Α1111111’.Μ11111111.Π,1,36
