2654 4778
331 407 334 412 ,
379 341 553 410 ACTUS
579 343 659 428 Ill,
686 343 851 412 SCENA
876 345 948 412 111.
1143 345 1198 427 ,53

144 487 211 532 lov,
234 466 319 532 Cum
339 459 415 532 illoc
432 477 465 532 te
479 463 597 532 melius
617 478 709 535 tuam
727 490 816 550 rem,
833 463 1045 551 adulescens,
1063 465 1172 561 loqui.

140 572 201 640 lllic
218 587 266 641 est
286 572 328 641 ad
347 575 426 642 istas
446 599 496 642 res
513 575 658 668 probus,
675 600 759 669 quas
781 575 946 669 quaeritas.

74 712 76 767 i
140 683 836 780 conn.Videreequidemvosvellem‚quom
849 686 1198 756 huicaurumdarem.

138 818 211 862 tuv.
233 793 332 864 Illinc
346 795 464 890 procul
483 821 545 865 nos
567 795 652 865 istuc
668 797 940 892 inspectabimus.

136 909 339 974 conssonam
355 905 491 976 dedistis
507 906 589 975 mihi
597 931 745 1001 operam.
755 926 1089 983 nrctmumndcotttsw
1097 926 1200 978 otim)

74 1092 76 1113 Ι
273 1019 306 1084 It
325 1015 368 1084 ad
387 1041 441 1084 me
463 1015 606 1087 lucrum.
882 1077 885 1081 Α
1168 1051 1195 1091 ⁷⁰

74 1118 76 1169 t
132 1148 227 1194 cocu.
249 1124 340 1195 Illud
361 1126 515 1220 quidem,
535 1151 697 1221 quorsum
716 1128 831 1198 asinus
849 1127 945 1196 caedit
963 1126 1119 1209 calcibus.

129 1256 201 1303 erc.
222 1231 349 1304 Blande
369 1235 540 1305 hominem
561 1235 769 1331 conpellabo.
786 1241 916 1333 Hospes
938 1237 1105 1332 hospitem

127 1341 277 1430 Salutat3
297 1344 421 1413 salvom
444 1360 476 1414 te
495 1345 652 1416 advenire
675 1348 816 1442 gaudeo.

127 1477 225 1523 conc.
245 1455 355 1525 Multa
373 1457 434 1525 tibi
452 1457 487 1525 di
504 1456 584 1526 dent
603 1459 710 1544 bona,
726 1484 829 1552 quom
842 1484 896 1527 me
909 1457 1037 1528 salvom
1052 1483 1124 1528 esse
1140 1458 1197 1537 vis.

125 1588 203 1634 nro.
229 1567 423 1660 Hospitium
443 1582 474 1636 te
492 1569 589 1637 aiunt
606 1570 791 1663 quaeritare.
812 1594 914 1640 conc.
934 1570 1096 1659 Quaerito.
1176 1589 1200 1641 τῦ

124 1699 204 1746 nnc.
225 1679 278 1745 lta
300 1674 349 1744 illi
371 1677 544 1764 dixerunt,
563 1680 621 1772 qui
641 1679 721 1747 hinc
742 1705 761 1748 a
780 1704 834 1747 me
852 1680 1010 1747 abierunt
1028 1677 1148 1762 modo,

122 1789 169 1854 Te
187 1788 367 1880 quaeritare
384 1813 403 1856 a
421 1789 554 1858 muscis.
573 1812 671 1859 cono.
693 1790 847 1859 Minume
869 1792 1030 1884 gentium.

124 1920 203 1965 nnc.
239 1897 333 1984 Quid
352 1898 420 1966 ita?
446 1923 547 1969 conr„
572 1901 663 1989 Quia
682 1926 700 1969 a
719 1904 842 1971 muscis
864 1902 892 1969 si
909 1900 993 1969 mihi
1016 1900 1199 1994 hospitium

272 2032 473 2101 quaererem,

123 2115 318 2186 Adveniens
336 2117 409 2201 huc
426 2119 507 2188 irem
531 2120 566 2187 in
588 2146 754 2191 carcerem
775 2135 866 2190 recta
888 2122 953 2188 via.

122 2229 195 2320 Ego
213 2227 248 2294 id
267 2253 381 2321 quaero
398 2229 604 2322 hospitium,
625 2231 684 2299 ubi
706 2256 768 2326 ego
789 2257 888 2301 curer
909 2228 1061 2314 mollius,
1176 2252 1203 2289 ευ

125 2337 238 2424 Quam
259 2339 328 2432 regi
349 2339 517 2408 Antiocho
535 2340 623 2409 oculi
641 2344 751 2411 curari
775 2343 891 2412 solent.

125 2489 210 2543 tendi.
228 2493 272 2543 Illi
290 2492 368 2563 longa
384 2512 460 2546 mora
478 2507 531 2558 est,
554 2494 639 2548 donec
685 2498 770 2561 foret,
787 2497 856 2548 liber
872 2496 907 2547 ab
924 2495 1032 2547 arbitris
1052 2506 1078 2546 et
1099 2492 1201 2544 adveu-

125 2590 184 2623 eum
197 2572 310 2624 homine
321 2573 378 2644 ipse
393 2574 526 2644 transigat.
535 2575 568 2626 N·
685 2576 803 2639 toribus,
822 2589 942 2647 utsupra
954 2576 1067 2626 advocati
1079 2572 1202 2624 dixerant

165 2655 213 2705 68.
228 2653 482 2720 Wdereoosoettem,
497 2674 547 2707 vos
561 2667 639 2708 testes
684 2675 723 2711 vs.
737 2657 1065 2709 50.L1rs1us.—Astntsit
1081 2655 1198 2714 ἄκλητος,
1237 2704 1240 2711 ,

125 2729 222 2784 adesse.
684 2739 744 2806 μυῖα
755 2775 763 2799 ,
774 2735 846 2806 apud
857 2735 1048 2804 Antiphonem.
1067 2734 1151 2784 Born.

163 2816 210 2879 69.
225 2813 334 2875 Procul,
350 2832 387 2865 vs.
403 2817 429 2865 6.
521 2855 526 2863 ,
726 2818 774 2884 78.
790 2818 856 2885 Quia
870 2836 885 2865 a
902 2819 986 2866 mincis
997 2817 1035 2876 si,
1048 2826 1098 2866 etc.
1110 2812 1199 2864 Cavil-

164 2894 318 2960 7o.Bouom
327 2893 638 2962 dod.milrioperam.For·
683 2897 752 2948 lator
771 2894 842 2948 ludit
864 2895 916 2946 alio
937 2893 1027 2946 eadem
1045 2893 1126 2944 verba
1150 2890 1198 2942 de·

125 2971 196 3023 muln
210 2974 356 3044 gratiarum
372 2971 477 3042 agendi.
570 2993 572 2996 ’
683 2989 826 3044 torquens,
839 2976 937 3027 abusus
948 2972 1071 3043 ancipiti:
1091 2998 1102 3018 ι
1114 2972 1135 3023 si
1148 2990 1197 3040 pc-

164 3070 212 3120 7¹·
234 3056 356 3122 Quorsum
372 3058 453 3104 asinus
472 3053 545 3104 coedit
561 3053 635 3103 calci·
683 3054 781 3106 tiissem
806 3074 820 3105 a
846 3055 942 3106 muscis
958 3052 1120 3123 hospitium,
1137 3068 1196 3121 quae

124 3132 173 3182 bus.
192 3132 296 3185 Asinus
316 3133 446 3185 ferociens
463 3145 537 3184 retro
555 3135 636 3202 jactat
681 3134 751 3186 nihil
772 3147 868 3204 praeter
886 3135 1001 3187 alienum
1022 3144 1048 3184 et
1067 3131 1197 3201 flagitium

124 3212 214 3264 calces.
223 3212 362 3283 Significat
372 3213 460 3284 igitur,
468 3213 570 3265 lucrum
582 3231 636 3264 non
680 3215 792 3278 hahent,
804 3215 870 3266 irem
881 3233 924 3266 eus
932 3213 1089 3266 comitatum
1100 3211 1129 3262 iu
1141 3228 1196 3261 cer·

125 3310 284 3360 provorsum
301 3291 334 3344 nd
350 3294 453 3364 Lycum
469 3294 580 3352 iturum,
590 3290 636 3344 sed
681 3312 767 3346 cerem
785 3321 808 3345 ».
821 3295 855 3346 N.

126 3371 212 3423 verius
225 3386 374 3425 retrorsum
387 3370 523 3425 abeodem
537 3373 638 3424 absces·
724 3378 771 3428 81.
782 3375 905 3425 Antiocho
916 3373 988 3424 oculi.
998 3372 1094 3425 Graecn
1108 3369 1196 3420 fabule

127 3470 226 3504 surum.
241 3453 356 3504 Tenum.
682 3472 714 3504 eo
727 3466 846 3521 tempore
861 3455 959 3523 scriptu
974 3464 1011 3503 est
1021 3491 1028 3514 ,
1039 3468 1093 3519 quo
1104 3449 1197 3500 Antio·

165 3550 210 3599 77.
227 3533 254 3585 Α
271 3535 365 3586 muscis.
381 3532 511 3584 Parasitus
528 3542 553 3582 et
568 3534 636 3601 ejus·
682 3533 889 3603 chusregnnbnt
897 3531 990 3584 Oculis
999 3533 1108 3583 fortusse
1116 3547 1197 3598 ugro-

127 3610 197 3662 modi
211 3630 297 3682 nugas
307 3612 464 3677 hominum,
483 3611 529 3681 qui
543 3610 637 3663 alienis
683 3614 766 3664 tabat.
789 3611 870 3676 Quod
895 3631 927 3663 ex
952 3610 1060 3662 historin
1088 3609 1196 3660 illorum

128 3691 253 3743 conviviis
276 3712 331 3743 non
355 3692 442 3743 vocati
464 3689 636 3759 supervenie·
682 3705 834 3762 temporum
848 3704 942 3743 uotum
958 3703 1023 3741 tnnc
1037 3702 1122 3759 poctae
1136 3688 1196 3740 luit.

126 3769 205 3833 hant,
228 3772 312 3824 hrcete
331 3792 422 3823 insessos
438 3784 575 3823 vocarunt.
598 3772 637 3821 Ita
683 3773 797 3824 Securus.
812 3805 851 3813 κ-
872 3771 1000 3823 Asiaticus
1020 3789 1066 3821 rex
1090 3767 1196 3824 molliu-

126 3848 321 3920 interpretttndi
341 3852 369 3904 hi
386 3870 491 3913 versus,
513 3851 559 3920 qui
581 3850 637 3920 ple·
683 3852 754 3903 seule
764 3853 885 3915 vivebat,
902 3863 927 3902 et
944 3851 1038 3902 oculos
1055 3867 1129 3902 coros
1149 3848 1196 3898 hn-

126 3929 213 3999 risque
226 3933 338 4000 aeuigma
352 3930 484 3983 videntur.
496 3932 639 3994 Quaerehot
683 3933 741 3982 buit
752 3933 864 4002 quisque
876 3931 974 3992 suns,si
985 3928 1051 4000 quid
1063 3945 1196 3997 uuquam;

127 4022 211 4061 autem
223 4011 372 4080 hospitium
388 4031 402 4063 n
419 4010 529 4072 muscis,
545 4009 637 4068 idest,
684 4010 755 4062 unde
768 4013 869 4062 oculitus
881 4031 970 4061 umore.
994 4009 1045 4061 Alii
1056 4007 1196 4081 'explicant

128 4101 218 4141 contra
236 4110 353 4154 muscus,
376 4103 406 4143 nt
422 4104 493 4143 tutus
511 4110 525 4142 n
543 4092 639 4142 muscis
684 4092 748 4142 oculi
762 4093 807 4161 qui
829 4105 889 4143 suin
906 4092 933 4142 in
950 4088 1116 4142 Antiocheno
1138 4086 1199 4138 nula
