2654 4778
405 379 575 448 ACTUS
602 378 685 460 ΙΙΙ,
705 376 868 446 SCENA
889 377 933 445 ΙΙ.
1156 381 1201 474 47

120 509 167 574 Et
177 504 266 572 bene
274 517 309 571 et
317 491 464 594 benigne
478 499 716 591 facitis3quom
727 497 809 566 hero
817 499 944 567 amanti
953 522 1090 593 operam
1104 499 1200 571 datis.

121 615 191 685 Sed
213 615 269 683 isti
284 613 363 706 jam„
378 612 512 696 sciunt,
528 610 643 703 negoti
662 607 743 701 quid
757 608 821 678 sit?
840 633 950 679 acon.
969 611 1115 680 Omnem
1129 634 1201 682 rem
1263 625 1264 631 ’

274 722 404 790 ordine.

121 857 256 904 rarnru.
274 837 361 902 Tum
382 855 442 900 vos
459 831 609 898 animum
629 828 793 898 advortite
812 829 941 922 igitur:
963 829 1055 901 hune
1074 855 1134 901 vos
1153 826 1201 899 le·

275 966 398 1010 nonem
417 943 544 1034 Lycum

125 1052 313 1124 Gnovistis.
338 1075 420 1120 anv.
453 1047 573 1124 Facile
601 1071 700 1118 coen.
734 1051 779 1117 At
807 1071 887 1140 ego,
919 1047 991 1142 pol,
1023 1073 1102 1119 eum
1134 1070 1203 1142 qua

278 1161 321 1229 sit
339 1159 423 1228 facie
440 1159 562 1227 nescio.
1053 1141 1057 1151 ¹
1176 1177 1203 1218 ιε

125 1277 215 1343 Eum
235 1271 312 1341 volo
330 1271 414 1338 mihi
433 1267 666 1338 demonstretis
691 1267 872 1338 hominem.
895 1291 980 1338 anu.
1008 1269 1079 1339 Nos
1103 1294 1203 1339 cura·

276 1382 398 1450 bimus

125 1495 216 1564 Satis
234 1506 449 1587 praeccptum.
472 1511 581 1558 acon.
599 1488 663 1558 Hic
682 1503 847 1558 trecentos
867 1514 987 1559 numos
1009 1504 1203 1562 numeratos

278 1603 389 1671 habet.

128 1738 215 1784 nov.
229 1717 322 1807 Ergo
331 1736 392 1780 nos
405 1711 571 1803 inspicere
581 1710 715 1803 oportet
724 1709 809 1779 istuc
817 1735 949 1797 aurum,
960 1711 1204 1806 Agorastocles,

129 1824 179 1890 Ut
195 1823 341 1891 sciamus
359 1819 441 1913 quid
456 1820 606 1887 dicamus
623 1842 701 1886 mox
721 1843 782 1911 pro
801 1821 1005 1889 testimonio.

129 1956 240 2004 asoa.
261 1933 370 2026 Agite,
387 1931 564 2025 inspicite:
581 1952 700 1997 aurum
716 1927 876 2000 ’stconu
895 1931 1048 2002 Profecto
1060 1986 1069 2020 ,
1082 1947 1208 2028 specta·

280 2055 386 2127 tores,
408 2063 601 2108 cornicum:
1182 2075 1208 2102 ιο

129 2211 184 2245 cum
208 2210 236 2242 eo
261 2206 312 2258 pro
333 2187 478 2240 commendo.
510 2185 647 2256 Ambigue
692 2204 746 2257 quo
771 2205 832 2240 meo
856 2206 937 2260 quam
961 2190 1056 2262 quiqui
1077 2204 1167 2245 tamen
1180 2218 1206 2248 ι.

131 2271 197 2324 lusit
219 2288 318 2322 servus.
346 2269 473 2321 Dixerant
495 2266 619 2320 advocati
638 2283 645 2318 ε
691 2266 772 2321 Unde
790 2266 896 2321 videtur
908 2269 1103 2324 scribendum:
1125 2297 1136 2319 ι
1148 2273 1205 2327 Vos

131 2352 170 2403 Di
181 2363 205 2402 te
215 2349 329 2420 perdant.
346 2348 475 2401 Servulus
487 2365 602 2417 nequam
617 2357 647 2397 ut
691 2347 815 2417 quidem,
834 2349 959 2413 hercule,
977 2369 1099 2420 aequum,
1121 2370 1204 2422 quom

131 2431 162 2483 in
183 2447 280 2483 eornm
299 2440 381 2497 caput
401 2427 453 2479 hoc
475 2425 647 2478 maledictum
691 2426 786 2496 quiqui
806 2439 894 2479 tamen
910 2454 935 2479 ι.
956 2428 1024 2492 Quae
1045 2423 1126 2482 rerba
1147 2450 1203 2484 non

131 2519 283 2580 regeneret,
305 2508 340 2559 ita
355 2504 509 2576 respondit,
527 2519 557 2558 ut
568 2504 647 2557 simul
692 2517 782 2560 carent
800 2524 830 2559 ea
849 2507 1033 2578 ambignitate,
1047 2527 1126 2580 quam
1148 2529 1206 2564 cer·

132 2591 204 2643 hanc
218 2587 436 2658 imprecationem
453 2586 481 2638 in
500 2604 544 2638 eos
560 2597 647 2638 retor·
692 2599 749 2638 tum
763 2598 801 2639 est
814 2599 931 2657 captasse
943 2589 1128 2658 Milphionem.
1137 2590 1206 2644 Nam

133 2679 248 2740 queret,
272 2679 402 2720 ettamen
419 2665 459 2717 illi
477 2666 528 2718 hoe
543 2664 647 2717 intelli·
691 2665 725 2718 τὰ
743 2666 794 2718 Vos
812 2668 918 2737 quidem,
934 2669 1041 2730 hercule,
1060 2689 1168 2740 aequum,
1184 2669 1205 2722 si

133 2767 197 2819 gere.
211 2765 267 2799 uon
279 2758 386 2816 possent
406 2743 436 2797 id
450 2743 521 2810 dici,
540 2756 584 2796 aut
597 2743 649 2795 sal·
692 2747 842 2798 referantur
863 2745 897 2798 ad
920 2748 1023 2817 priora,
1048 2747 1206 2820 intelligitur

135 2841 189 2880 tem
201 2827 259 2897 ipse
271 2842 396 2878 excusare
408 2838 496 2894 posset
513 2823 581 2876 nihil
595 2823 648 2874 tale
679 2827 743 2899 'sula
759 2824 817 2890 his,
831 2826 888 2877 deos
898 2827 1017 2896 perdere:
1031 2828 1053 2880 si
1067 2827 1100 2882 ud
1114 2841 1205 2900 poste·

135 2927 151 2960 a
164 2925 193 2960 se
206 2905 317 2959 dictum.
334 2905 423 2959 Prima
437 2904 519 2975 verim
538 2921 648 2974 respon·
691 2905 774 2970 riora,
785 2905 941 2976 intelligitur
946 2907 1043 2975 facitis,
1051 2927 1133 2980 quum
1144 2907 1204 2979 qui·

135 2986 221 3040 sionis
234 3004 266 3037 eo
275 2985 346 3037 trahi
357 2996 482 3055 possunt,
491 3003 535 3034 vos
545 2983 648 3056 quidem,
693 3001 809 3054 cumque
824 2986 910 3038 facitis
924 2999 950 3039 et
963 2986 1033 3039 hene
1046 3001 1071 3041 et
1081 2987 1207 3057 henigne,

136 3066 234 3130 hercle,
260 3083 357 3135 nempe
380 3062 419 3116 dii
445 3062 574 3134 perdant;
602 3060 648 3114 sed
693 3083 830 3134 quumque
849 3065 916 3118 hero
936 3067 1034 3118 amanti
1056 3066 1123 3120 datis
1141 3085 1207 3136 ope·

136 3146 226 3199 statim
240 3144 394 3214 subjungit,
406 3143 553 3205 coemendo,
565 3153 596 3194 ut
605 3142 648 3194 in·
693 3162 762 3198 ram.
771 3145 861 3198 Gaon.
873 3146 1069 3198 -Audentins
1079 3147 1206 3200 Bothius:

136 3227 257 3278 tellectus
267 3222 411 3276 defendere
422 3235 525 3292 posset,
537 3241 565 3275 se
575 3219 649 3275 aliud
697 3248 708 3270 ι
721 3241 784 3277 ιον.
810 3225 845 3277 Di
868 3237 894 3277 te
917 3224 1049 3295 perdant!
1070 3244 1133 3278 nrm.
1148 3226 1207 3277 Vos

137 3305 246 3359 dixisse.
257 3303 374 3372 Quiqui‚
390 3303 489 3373 inquit,
499 3303 569 3366 estis,
578 3313 649 3354 certe
694 3301 820 3374 quidem,
834 3303 942 3356 hercle!
959 3323 1023 3357 inv.
1039 3301 1206 3368 Quomodo?

136 3405 186 3438 vos
202 3380 378 3446 commendo,
400 3393 492 3452 utpote
510 3381 611 3452 peritos
625 3393 650 3433 et
694 3399 756 3434 aris.
775 3382 864 3447 Quin,
875 3382 979 3452 quiqui,
992 3396 1081 3436 tamen
1090 3396 1117 3436 et
1127 3384 1207 3451 bene,

138 3463 233 3518 doctos
243 3463 319 3533 juris,
328 3475 355 3514 et
366 3461 453 3513 litium
464 3459 648 3513 creandarum.
695 3473 745 3514 etc.
754 3486 765 3507 ι
778 3462 821 3514 Sic
835 3462 951 3532 quomodo
963 3476 1003 3515 est
1014 3463 1144 3516 iratorum
1154 3463 1208 3519 ior·

138 3541 243 3597 Deinde
260 3541 336 3613 quod
355 3553 382 3595 et
398 3541 467 3593 hene
487 3559 517 3593 ac
535 3540 651 3610 benigne
696 3540 777 3604 mula,
786 3554 813 3594 et
823 3540 901 3593 liberi
912 3541 1035 3597 homines
1044 3543 1094 3596 sibi
1101 3563 1210 3599 servum

138 3624 275 3687 facerent,
296 3622 344 3694 qui·
366 3621 431 3672 hero
458 3620 558 3672 amenti
582 3621 651 3672 hanc
696 3619 856 3673 maledicere
876 3619 1060 3693 indignantur.
1083 3625 1119 3676 At
1139 3623 1209 3678 hanc

137 3720 250 3773 operam
270 3700 373 3754 darent.
394 3701 509 3754 Sauum.
528 3732 568 3741 —
587 3699 653 3751 Cou-
697 3718 789 3752 vocem
801 3699 907 3772 refingit
921 3720 952 3754 ex
967 3703 1037 3756 MS:
1055 3728 1065 3749 ι
1081 3694 1208 3774 quoin..

139 3783 233 3835 mado.
248 3782 316 3835 Sane
331 3781 360 3833 in
373 3778 457 3833 Acad.
478 3806 489 3826 ι
502 3777 653 3831 conmendo
698 3779 794 3831 Sinon
808 3798 886 3844 vera,
909 3793 937 3833 at
959 3783 1050 3835 saltem
1072 3781 1210 3854 ingeniosa

141 3862 237 3933 quiqui
252 3873 342 3916 tamen
352 3885 377 3911 ι.
393 3858 447 3912 Sed
461 3859 489 3912 in
503 3872 603 3935 neutro
614 3871 654 3913 est
698 3858 858 3912 emendatio
874 3859 908 3912 N.

141 3942 207 3994 Pall.
218 3943 264 4011 qui
279 3939 353 3997 haud
367 3937 450 3991 dubie
464 3939 597 3997 meliores.
609 3938 652 3992 Sic
741 3957 785 3990 ao.
799 3939 929 3992 Carnicum.
953 3940 1093 3994 Comicum
1115 3959 1210 3993 aurum

142 4022 213 4073 enim
223 4021 310 4092 prior,
321 4019 439 4084 «hercle,
449 4037 503 4089 quo
515 4038 574 4071 meo
588 4018 653 4089 quin
699 4017 744 4069 hic
757 4019 843 4089 lupini
854 4031 924 4072 sunt.
938 4020 972 4072 Et
988 4021 1055 4074 siout
1068 4021 1097 4073 in
1112 4038 1210 4072 cornoe·

142 4102 237 4171 quiqui
258 4112 395 4155 tamen-2
419 4099 499 4162 alter,
522 4124 537 4168 ⁴.
551 4099 678 4165 hercle,'
700 4095 745 4152 dia
762 4117 813 4168 pro
833 4099 921 4151 aureis
941 4100 1058 4153 nummis
1082 4119 1212 4153 annume-
