2654 4778
463 388 520 457 IN
552 388 858 460 POENULUM.

147 508 196 576 Eas
213 509 269 602 qui
292 509 479 603 subripuit,
498 511 533 579 in
550 511 771 581 Anactorium
791 509 944 596 devehit,

146 617 321 714 Venditque
337 620 398 690 bas
416 621 568 707 omneis,
587 636 621 690 et
638 622 804 691 nutricem
824 634 860 689 et
878 617 1043 713 virgineS,

139 730 285 798 Presenti
308 743 467 824 argento,
485 729 637 818 homini,
660 731 688 799 si
704 729 830 803 leno'st
845 730 963 819 homo,

137 841 305 930 Quantum
324 840 500 909 hominum
523 855 612 911 terra
629 842 788 928 sustinet,
811 864 1014 911 sarerrumo.

130 953 264 1020 Vosmet
282 976 373 1020 nunc
390 951 491 1021 facite
508 953 738 1045 conjecturam
759 966 936 1037 caeterum,

128 1060 218 1151 Quid
237 1060 271 1129 id
290 1062 333 1130 sit
352 1060 517 1150 hominis,
537 1063 620 1156 quoi
635 1066 727 1158 Lyco
745 1086 867 1132 nomen
887 1062 959 1131 siet.

123 1173 155 1238 Is
173 1195 214 1238 ex
236 1172 436 1258 Anactorio,
458 1173 518 1241 nbi
539 1174 633 1266 prius
652 1173 880 1257 habitaverat,

121 1284 198 1350 Huc
220 1283 443 1376 conmigrauit
465 1284 501 1353 iu
523 1283 728 1377 Calydonem
750 1283 841 1353 haud
861 1282 936 1365 diu,

123 1392 184 1460 Sui
203 1394 322 1486 quaesti
340 1418 439 1463 causa
458 1419 466 1461 ε
485 1394 515 1461 is
535 1395 571 1464 iu
592 1392 658 1465 illis
676 1394 805 1463 habitat
823 1391 961 1461 aedibus.
1168 1407 1195 1462 st

121 1505 250 1571 Earum
270 1503 325 1571 hic
344 1501 539 1573 adulescens
560 1501 701 1574 alteram
719 1503 874 1573 ecflictim
896 1499 991 1595 perit.

123 1614 229 1681 Suam
245 1612 308 1681 sibi
328 1629 529 1707 congnatam
550 1614 754 1708 inprudens,
770 1637 880 1708 neque
900 1612 979 1697 scit,
997 1633 1072 1703 quae
1092 1632 1130 1677 ea

122 1723 197 1808 sit,
216 1747 325 1818 neque
343 1748 493 1818 uuquam
509 1726 639 1820 tetigit3
657 1726 702 1793 ita
720 1750 798 1795 eum
815 1723 891 1794 leno
910 1735 1072 1791 macerat:

121 1835 244 1925 Neque
267 1833 450 1927 quidquam
471 1859 549 1904 cum
568 1861 607 1905 ea
624 1834 704 1904 fecit
722 1836 907 1915 etiamnum
921 1833 1051 1926 stupri,

120 1945 243 2036 Neque
265 1942 360 2012 duxit
380 1968 547 2038 unquaus;
567 1969 678 2038 noque
698 1943 754 2015 ille
769 1943 876 2015 voluit
894 1943 1040 2029 mittere3

123 2053 215 2141 Quia
235 2075 347 2122 amere
363 2054 487 2140 cernit,
503 2069 640 2149 tangere
658 2055 829 2124 bominem
847 2051 919 2123 volt
939 2050 1027 2121 bolo.

122 2159 222 2230 Illam
241 2163 407 2232 minorem
426 2165 461 2232 in
480 2166 741 2235 concubinatum
764 2166 828 2233 sibi

122 2269 209 2340 Volt
228 2296 338 2341 emere
355 2272 451 2344 miles
472 2274 630 2368 quidam,
648 2276 706 2367 qui
725 2273 816 2343 illam
834 2271 974 2367 deperit.

123 2380 193 2451 Sed
212 2397 306 2475 pater
324 2381 458 2452 illarum
474 2387 613 2470 Poenus,
629 2400 805 2479 postquam
826 2408 880 2453 eas
898 2379 1061 2476 perdidit,

122 2491 280 2584 Marique
298 2507 455 2587 terraque
474 2519 712 2590 usquequaque
736 2494 900 2588 queritat.
1160 2487 1218 2549 αἴ

121 2600 195 2671 Ubi
211 2626 379 2695 quamque
397 2605 432 2672 in
453 2605 571 2674 urbem
589 2620 639 2674 est
657 2607 842 2701 ingressus,
864 2601 967 2672 inlico

123 2710 267 2779 Omueis
285 2713 507 2803 meretriceis,
524 2715 583 2784 ubi
601 2717 740 2810 quisque
758 2715 929 2800 habitant,
952 2708 1098 2795 invenit;

123 2922 293 2988 etarbustis,
313 2921 436 2978 distincta
452 2928 531 2979 etiam
550 2947 638 2981 mace·
723 2933 771 2998 96.
781 2930 838 2980 tlte.
845 2924 910 2979 vid.
923 2925 1022 2978 Cistell.
1032 2926 1056 2989 I,
1071 2944 1096 2987 n,
1111 2929 1156 2985 τά.

123 3002 173 3055 riis
185 3014 212 3055 et
225 3003 333 3073 sepibus
348 3005 415 3057 vivis
433 3007 543 3078 aliisque
557 3009 639 3060 senti·
723 3028 771 3078 97.
786 3007 937 3078 Inprudens,
957 3005 1029 3057 idem
1040 3005 1111 3056 valet
1121 2999 1194 3074 quod

122 3083 193 3145 bus,
208 3083 273 3153 rivis
289 3102 396 3155 quoque
415 3085 540 3140 flexuosis
557 3088 638 3141 inter·
682 3099 909 3161 quesequuntur,
923 3111 934 3132 ι
949 3104 1036 3156 neque
1047 3084 1104 3145 scit,
1117 3096 1191 3135 etc.-

123 3162 272 3216 flnentibus
283 3188 307 3215 ι.
324 3165 359 3217 N.
725 3187 784 3222 100.
806 3169 896 3219 Duxit.
917 3164 982 3218 Vid.
1000 3161 1125 3216 Bacchid.
1143 3161 1195 3226 IV,

168 3242 212 3317 82.
226 3245 401 3312 Anactorium,
412 3243 548 3316 oppidum
560 3249 639 3300 Acar·
685 3265 732 3314 ro,
748 3252 774 3302 6.
787 3280 827 3289 -
840 3247 902 3308 Ille,
919 3246 1016 3316 Lycus.
1032 3273 1071 3285 -
1086 3242 1193 3294 Mittere.

124 3323 225 3376 naniae.
235 3323 328 3379 Lisso.
682 3327 724 3380 Cf.
738 3327 813 3379 Asin.
831 3328 860 3390 I,
878 3326 906 3390 3,
925 3342 969 3392 ¹9·
984 3324 1018 3374 N.

170 3420 215 3470 90.
230 3401 388 3468 Sacarum,
402 3403 420 3458 i.
432 3423 456 3458 e.
468 3405 639 3471 exsecrabili,
727 3425 792 3458 101.
812 3407 923 3472 Tangere
937 3404 1052 3454 bominem
1063 3401 1117 3453 uolt
1130 3401 1195 3455 boto.

125 3491 159 3533 ut
182 3481 236 3534 hoo
259 3483 433 3553 Virgiliano:
461 3485 545 3537 «auri
567 3503 640 3538 sacra
684 3485 825 3557 «Tangere
840 3484 926 3535 bolo»
950 3481 1053 3534 dictem
1076 3496 1106 3534 ut
1128 3479 1195 3533 illud

126 3560 212 3613 sames
224 3586 250 3614 ».
265 3562 359 3616 niun.
683 3565 755 3636 apud
777 3563 895 3618 Nonium
915 3580 923 3616 ε
945 3574 1072 3632 ιραῐηῐιι
1094 3560 1195 3632 argenti

169 3658 218 3708 9²·
241 3641 311 3710 Quid
335 3643 364 3694 td
384 3645 418 3694 sit
441 3643 551 3697 bominis.
572 3641 636 3697 Vid.
684 3645 784 3698 talento
800 3643 919 3714 tetigin,
939 3643 957 3695 i.
981 3659 1004 3694 e.
1021 3639 1196 3695 circumveni.

127 3717 231 3790 Amph.
243 3722 280 3787 11,
302 3740 334 3786 a,
359 3723 640 3795 137.-Lyco,i.e.
684 3725 807 3797 Tangere
820 3723 891 3777 enim
906 3723 951 3775 hic
965 3722 1055 3775 fallere
1065 3732 1112 3773 est.
1125 3721 1195 3773 Tru·

126 3799 204 3868 lupo.
218 3801 280 3853 Non
293 3801 372 3870 plane
385 3801 578 3872 intelligebant,
591 3805 641 3875 qui
656 3805 660 3814 ⁴
684 3806 737 3857 cul.
750 3806 860 3876 Argum.
877 3828 888 3849 a
900 3802 1001 3873 ingenti
1013 3801 1127 3854 militem
1137 3813 1195 3852 tan·

126 3879 220 3931 literas
233 3898 346 3949 graecas,
364 3893 396 3934 ut
414 3894 508 3952 postea
523 3883 641 3949 Marius,
685 3897 729 3954 gat
739 3885 803 3938 bolo
817 3908 843 3936 ».
857 3883 975 3936 Tralatio
989 3881 1069 3934 ducta
1083 3899 1098 3934 a
1110 3880 1195 3950 pisca·

126 3976 268 4028 nunquam
280 3958 438 4014 didicerant.
447 3962 482 4016 N.
685 3964 797 4017 toribus.
811 3964 904 4015 Tuan.

172 4044 219 4105 94.
234 4040 315 4090 Haud
324 4040 375 4097 diu,
390 4040 463 4093 haud
475 4043 512 4094 ita
525 4041 640 4112 pridem.
729 4063 791 4113 107.
809 4044 924 4114 Quisque.
936 4040 1001 4093 vid.
1013 4039 1103 4093 Aulul.
1113 4039 1154 4102 11,
1171 4056 1197 4105 ι,1

173 4117 220 4187 95.
234 4119 339 4191 Questi,
352 4131 384 4174 ut
394 4123 487 4184 serrato}
498 4134 581 4176 vetus.
691 4127 737 4178 16.
749 4156 786 4169 -
797 4125 907 4186 Invenit,
923 4120 987 4175 adit.
1000 4121 1035 4174 N.

1223 4262 1314 4510 Ι
