2654 4778
132 378 178 450 sc
403 467 406 476 y
512 338 812 467 rouuucus

132 527 237 573 soors.
258 505 343 570 Hem
363 500 453 569 istaec
471 498 545 568 volo
566 524 647 596 ergo
666 504 726 572 vos
743 502 998 572 conmemiuisse
1019 506 1142 593 omnia,

128 617 212 684 Mox
223 637 325 706 quom
340 610 382 678 ad
392 625 568 704 praetorem
583 636 662 681 usus
678 615 797 682 veniet.
817 637 897 681 nov.
913 615 1165 684 Meminerimus.

128 747 238 794 scon.
252 721 345 811 Quid
360 723 386 791 si
404 722 527 790 recenti
548 747 582 789 re
601 721 698 790 aedeis
715 722 866 817 pultem?
879 747 961 793 aov.
975 727 1114 794 Censeo.

127 857 236 904 Aeon.
256 835 290 900 Si
308 831 454 926 pultem,
473 857 541 899 non
560 831 718 902 recludet.
736 857 816 903 nov.
836 835 960 900 Panem
978 832 1132 928 frangito.

126 967 236 1012 scon.
258 944 294 1011 Si
315 941 431 1009 exierit
447 939 543 1028 leno,
562 944 701 1011 censetis
719 942 889 1011 hominem
905 944 1126 1038 interrogem,
1163 971 1181 998 ²⁰

126 1056 225 1122 Meus
244 1077 356 1120 servos
378 1051 405 1119 si
423 1051 466 1119 ad
484 1077 561 1120 eum
581 1053 728 1141 venerit,
747 1078 810 1121 nec
827 1051 889 1121 ue?
907 1077 990 1123 nov.
1007 1052 1182 1149 Quippinil
1229 1100 1231 1105 -

128 1175 238 1232 acon.
248 1166 336 1233 Cum
347 1162 421 1229 auri
436 1161 587 1230 ducentis
599 1162 710 1231 numis
724 1161 996 1257 Philippislaov.
1009 1161 1183 1259 Quippinil
1228 1144 1231 1221 l

130 1296 239 1344 Aaou.
257 1273 310 1341 lbi
327 1268 493 1366 extemplo
513 1271 589 1340 leno
608 1273 743 1341 errabit.
763 1297 843 1342 nov.
864 1274 941 1363 Qua
960 1271 1002 1340 de
1020 1273 1076 1342 re?
1090 1296 1183 1344 acor.
1228 1236 1231 1363 l

242 1408 245 1416 ·
273 1380 411 1475 Rogas?
562 1372 563 1378 ἵ
1229 1376 1231 1397 '

128 1494 219 1581 Quia
240 1506 375 1561 centum
397 1493 507 1559 numis
525 1493 636 1559 minus
654 1491 792 1560 dicetur.
816 1517 898 1561 anv.
917 1496 1006 1560 Bene
1027 1508 1135 1587 putas.

127 1626 239 1672 seon.
262 1600 377 1670 Alium
394 1588 541 1670 censebit
560 1603 741 1696 quaeritari.
764 1627 847 1671 aur.
869 1602 1013 1672 Scilicet.
1167 1622 1185 1662 2⁵

128 1737 236 1782 scon.
254 1710 430 1804 Extemplo
452 1710 639 1804 denegabit.
658 1736 739 1780 nov.
757 1715 892 1780 Juratus
911 1711 1060 1806 quidem.

127 1846 237 1893 scon.
257 1826 367 1890 Homo
385 1819 465 1888 furti
485 1846 555 1890 sese
572 1820 765 1916 adstringet.
785 1847 867 1891 ror.
886 1821 986 1891 Haud
1004 1822 1145 1891 dubium
1160 1819 1187 1888 id

274 1931 410 2026 quidem
420 1929 470 1998 'st.
793 2004 801 2012 ,

125 2067 234 2113 acon.
252 2042 434 2131 Quantum
445 2055 612 2135 quantum
631 2040 672 2108 ad
683 2066 759 2109 eum
770 2044 834 2110 erit
844 2041 1002 2113 delatum.
1014 2066 1099 2113 nov.
1114 2042 1189 2133 Qui·

276 2150 372 2245 pini?

127 2287 236 2333 Aeon.
259 2262 429 2356 Diespiter
450 2287 506 2330 vos
526 2261 770 2355 perduit.s1)V.
793 2268 841 2332 Te
861 2263 1039 2358 quippini?

128 2398 236 2445 scon.
252 2373 314 2443 lbo
333 2388 366 2442 et
383 2371 521 2467 pultabo
538 2373 676 2479 januam
692 2372 790 2442 hauc.
809 2398 892 2443 sov,
908 2377 961 2444 Ita
981 2373 1190 2467 quippini?³⁰

125 2539 145 2593 i.
159 2558 187 2610 q.
203 2540 293 2591 «olim
310 2540 425 2603 furores,
451 2559 556 2611 semper
571 2539 640 2591 leni·
680 2559 767 2608 panem
774 2541 904 2610 frangite,
923 2535 1065 2610 quomodo
1077 2535 1190 2590 disertim

127 2631 184 2682 tas,
198 2621 365 2672 antemala».
380 2617 451 2670 Vide
462 2620 592 2689 Volpium
605 2617 640 2671 ad
683 2619 775 2689 legunt
789 2620 857 2672 MSS
870 2619 1095 2685 PalLBoxnonsr.
1154 2633 1157 2636 ·

128 2698 224 2752 Catuli.
240 2698 306 2768 eleg.
317 2697 351 2750 ad
365 2699 446 2751 Manl.
458 2718 495 2752 vs.
510 2701 618 2766 129.N.
727 2719 769 2753 ao.
782 2699 811 2751 St
823 2703 910 2751 ecr'erit
919 2697 1107 2750 tenet'idetur
1117 2693 1192 2748 moris

172 2794 217 2846 17.
241 2778 303 2829 Usus
317 2780 411 2840 vertier,
434 2797 518 2848 quum
534 2790 638 2848 tempus
684 2778 777 2844 fuisse,
798 2793 827 2832 ut
847 2797 928 2850 quem
949 2777 1008 2849 quis
1032 2777 1121 2829 furem
1146 2792 1192 2828 esse

127 2856 232 2920 reniet,
253 2875 307 2928 quo
321 2861 388 2928 opus
402 2857 450 2922 sit,
475 2870 505 2910 ut
519 2877 638 2910 comme-
683 2858 778 2922 sciret,
799 2878 861 2911 eum
887 2858 998 2910 testibus
1022 2855 1193 2927 praesentibus

127 2935 269 2988 mineritis.
683 2939 861 3008 interrogaret
883 2960 888 2989 :
920 2934 1060 3007 Numquid
1087 2935 1134 2988 illa
1157 2951 1194 2986 res

171 3017 216 3068 18.
236 3016 352 3085 Qur'dsr',
367 3029 417 3068 ete.
441 3017 553 3070 Locutio
573 3036 638 3071 con·
683 3017 754 3088 apud
777 3019 854 3070 illum
875 3030 959 3081 esset,
980 3029 1040 3079 aut,
1059 3010 1193 3086 Numquid

128 3094 260 3147 sultantis.
276 3115 314 3136 -·-
325 3095 415 3146 AEdeis
428 3097 539 3148 lenonis.
682 3115 740 3148 eam
753 3099 958 3150 contrectasset?
974 3095 1004 3147 Si
1016 3107 1141 3164 negaret,
1156 3111 1193 3145 res

172 3177 217 3243 ¹9·
228 3174 320 3226 Panem
329 3175 451 3244 frangite.
464 3175 479 3225 J
483 3193 545 3227 ocus
560 3177 638 3229 estin
683 3177 794 3229 testibus
815 3175 910 3228 iisdem
931 3175 1110 3245 presentibus
1125 3192 1193 3228 com·

128 3253 639 3326 vocepultam.Quamvisdixissetrlgo·
683 3255 846 3325 periebatur,
867 3269 897 3308 ut
910 3255 963 3308 hoc
976 3255 1053 3320 loeo,
1080 3254 1146 3307 item
1161 3269 1192 3304 sc.

126 3336 269 3387 rastoeles:
288 3361 299 3382 ι
311 3334 338 3387 Si
353 3335 465 3404 pultem,
478 3354 533 3386 nou
548 3337 637 3388 reclu-
669 3326 723 3405 sq.
738 3361 749 3381 ·
759 3354 803 3388 ro.
817 3335 875 3388 Hoc
890 3354 937 3406 age
951 3320 985 3386 sis
999 3335 1017 3386 l.
1035 3345 1087 3386 ete.
1106 3359 1118 3380 ι
1133 3333 1191 3385 item

127 3411 211 3476 det»,
236 3413 379 3478 advocati,
400 3427 527 3485 tanquam
545 3416 638 3483 pultem
681 3415 820 3486 eliquanto
828 3427 901 3486 post:
917 3407 1119 3481 «rc.Negasne
1125 3408 1193 3484 apud

37 3522 39 3527 ·
125 3492 266 3544 accusandi
279 3492 340 3546 casu
352 3491 460 3546 dixisset
472 3492 638 3561 adolescens,
682 3507 709 3547 te
720 3513 774 3546 esse
785 3513 897 3560 aurum,
912 3506 961 3546 ete.
977 3518 988 3540 ι
1001 3492 1117 3546 Horou.

126 3583 153 3622 et
164 3568 197 3623 de
211 3573 285 3642 pulte
296 3573 461 3643 loqueretur,
477 3574 635 3645 excipiuuti
725 3581 771 3637 24.
799 3575 864 3641 Quia
889 3586 981 3625 centum
1006 3577 1085 3624 numts
1111 3575 1192 3624 mrbus.

123 3669 211 3719 ponem
223 3651 343 3720 frangite.
364 3651 397 3704 Id
411 3665 465 3718 est,
481 3651 595 3721 pedibus
611 3668 637 3707 et
681 3653 789 3705 Etenim
805 3649 908 3706 dietum
934 3653 984 3705 luit
1004 3651 1044 3703 illi
1066 3664 1193 3705 trecentos

123 3729 255 3799 pultando
264 3731 335 3784 fores
347 3731 472 3801 stangno,
480 3731 552 3789 haud
561 3734 638 3786 aliter
681 3745 790 3803 portare
805 3753 895 3787 secum
911 3734 1044 3786 latronem
1057 3729 1193 3803 Spartiati-

81 3869 82 3873 ,
125 3827 204 3879 quam
225 3811 300 3879 panis
327 3812 477 3881 frangitur,
502 3812 550 3864 ubi
576 3812 638 3882 puls
683 3831 752 3864 cum.
770 3813 804 3864 N.

124 3907 180 3940 non
206 3887 293 3942 datur.
318 3891 377 3942 Mos
404 3891 475 3942 euim
502 3904 636 3957 veterum,
725 3893 770 3943 28.
794 3894 918 3961 erantum
933 3903 1017 3961 quant.
1035 3891 1136 3942 odeum
1151 3889 1194 3939 erit

122 3986 209 4037 partem
219 3969 347 4038 frangere.
368 3969 449 4035 Quod
463 3970 491 4021 in
504 3971 638 4023 brixiensi
683 3970 731 4023 det.
757 3970 896 4025 Obnoxius
919 3970 985 4023 furti
1010 3961 1120 4023 crimini
1148 3965 1194 4018 erit

125 4045 241 4101 editione
251 4050 347 4119 legitur
359 4069 365 4101 :
375 4050 437 4120 pede
446 4050 508 4100 cedes
514 4053 638 4119 frangite,
683 4069 733 4120 pro
748 4070 861 4112 summu,
878 4062 975 4122 quanta
987 4048 1022 4103 od
1035 4067 1097 4102 eum
1109 4045 1192 4101 delata

123 4127 209 4196 glossa
226 4140 279 4194 cat,
304 4130 358 4184 sive
376 4130 574 4198 interpretantis
588 4139 632 4184 τοῦ
685 4129 773 4183 luerit.
786 4132 821 4184 N.
