2654 4778
168 119 216 202 11,
554 113 846 201 ponamus,

164 235 1234 331 Hostesatiusestdocere‚ut,quandoagas,quidagant,sc'iant

164 352 235 420 Nos
251 363 289 417 tu
311 373 354 416 ne
371 349 531 435 curassis,
549 349 670 418 seimus
692 373 761 416 rem
781 372 938 447 pmnem:
959 346 1086 442 quippe
1101 345 1235 416 omneis
1308 340 1314 348 ”

311 455 409 527 simul
1053 491 1056 500 =
1207 479 1234 518 ⁵0

163 568 351 640 Didicimus
367 583 477 636 tecum
496 593 579 655 una,
602 583 640 636 ut
660 567 861 663 respondere
881 567 1048 661 possimus
1061 566 1132 634 tibi

1296 532 1316 575 ll

165 703 272 751 soon.
304 681 356 747 Ita
381 677 608 772 profecto’st:
638 677 696 745 sed
724 678 813 772 agite
841 677 961 771 igitur,
982 689 1020 743 ut
1045 675 1145 742 seiam
1168 694 1233 741 vos
1294 731 1302 761 ,Ι

309 812 392 856 scrre
415 812 485 855 rem

162 897 341 991 Expedite,
361 912 394 965 et
411 898 494 966 mihi
511 922 584 991 quae
602 896 729 965 dudum
749 896 844 964 vobis
863 894 953 975 dixi,
976 894 1086 964 dicite.

162 1030 245 1076 anv.
269 1008 363 1075 Itane
377 1022 484 1075 tentas
500 1031 541 1074 an
561 1005 726 1075 sciamus?
743 1030 812 1072 non
832 1003 1021 1072 meminisse
1038 1028 1102 1072 nos
1119 1016 1224 1081 ratus,

164 1116 343 1206 Quomodo
362 1130 526 1185 trecentos
543 1114 717 1209 Philippos
735 1113 922 1208 Collybisco
940 1111 1052 1182 villico
1203 1130 1222 1167 ⁵⁵

1288 1075 1317 1120 dl,

96 1309 97 1312 Ἴ
167 1226 326 1309 Dederis,
345 1250 428 1318 quos
442 1224 587 1294 deferret
599 1226 667 1293 huc
681 1224 723 1293 ad
742 1224 895 1293 lenonem
913 1224 1086 1292 inimicum
1104 1237 1211 1305 tuum;
1292 1292 1316 1313 Ἴ

166 1338 265 1428 Isque
281 1360 314 1402 se
333 1347 371 1401 ut
384 1333 598 1403 adsimularet
614 1336 827 1428 peregrinum
845 1357 915 1401 esse
936 1332 1091 1421 aliunde,
1109 1359 1150 1402 ex
1166 1331 1220 1400 alio

310 1443 445 1537 oppido.

162 1553 230 1622 Ubi
250 1553 277 1620 is
293 1551 457 1639 tetulerit,
478 1568 513 1621 tu
532 1580 570 1622 eo
589 1553 766 1647 quaesitum
783 1578 913 1621 servom
934 1551 1093 1620 adventas
1112 1565 1202 1620 tuum

162 1667 248 1734 Cum
265 1665 417 1759 pecunia.
435 1688 541 1733 scon.
557 1640 757 1734 Meministis
773 1665 983 1731 memoriter:
999 1662 1156 1731 servastis
1169 1683 1220 1728 mc.

161 1797 243 1843 anv.
258 1772 319 1842 Ille
338 1773 490 1866 negabit,
509 1773 732 1867 Milphionem
748 1776 850 1867 quaeri
872 1773 1020 1842 censebit
1039 1788 1154 1842 tuum:
1203 1786 1223 1824 ⁶⁰

76 1922 77 1929 1
161 1882 201 1951 Id
221 1880 404 1975 duplicabit
426 1869 526 1950 omne
544 1882 669 1951 furtum
690 1909 698 1952 :
719 1883 795 1951 leno
818 1884 992 1952 addicetur
1010 1882 1086 1950 tibi.

162 1992 216 2062 Ad
234 2016 307 2060 earn
326 2017 395 2059 rem
415 2017 475 2060 nos
494 2018 563 2061 esse
580 1993 691 2061 testeis
710 1995 761 2061 vis
781 1994 854 2062 tibi.
873 2018 980 2064 soon.
998 1992 1133 2061 Tenetis
1152 2015 1226 2058 rem.

161 2125 243 2172 anv.
262 2101 329 2170 Vix
347 2101 504 2194 quidem,
523 2101 648 2190 hercle,
678 2104 723 2171 ita
745 2103 893 2196 pauxilla
914 2118 982 2187 est,
1002 2100 1154 2196 digitulis
1172 2098 1228 2194 pri·
1299 2156 1321 2168 ,

309 2212 477 2316 moribus.¹

207 2423 253 2486 49.
272 2417 342 2485 Quid
352 2428 443 2486 agant,
463 2415 481 2468 1.
496 2434 519 2468 e.
534 2415 600 2487 qnid
615 2435 675 2487 spe·
761 2419 807 2471 63.
830 2417 880 2469 Va
900 2416 1008 2490 quidem,
1031 2414 1228 2468 111νοὶ111ωεί-

164 2508 250 2560 ctent,
270 2514 331 2549 nam
357 2494 386 2548 id
409 2495 462 2548 illis
480 2494 611 2564 agendum
627 2509 674 2548 est.
720 2496 829 2568 gnificat
849 2494 993 2566 aliquando
1018 2496 1171 2565 negotium,
1187 2493 1229 2546 ali·

165 2577 266 2629 Forsan
283 2574 379 2627 melius
395 2572 556 2627 Acidaliae:
581 2600 592 2622 ι
608 2574 675 2646 quid
721 2574 831 2645 quando
847 2576 988 2647 pecuniam
1005 2575 1230 2644 familiarem,pa·

166 2674 227 2726 agas
240 2681 264 2707 ι.
282 2654 315 2705 Ν.
722 2656 894 2720 trimontium,
906 2669 935 2708 ut
949 2675 996 2706 rem
1009 2655 1105 2720 habere,
1116 2674 1165 2705 rem
1179 2672 1232 2706 con-

208 2735 254 2788 51.
276 2733 414 2784 Didicimus
439 2743 521 2783 tecum.
547 2732 675 2785 Fabulam
714 2733 1162 2803 fringere.Introducunturautem
1176 2731 1233 2785 nbi·

166 2826 245 2886 poeta
271 2811 363 2872 docet,
385 2809 493 2863 discunt
512 2824 630 2876 actores;
652 2824 677 2864 et
721 2833 775 2885 que
788 2815 816 2865 hi
828 2812 949 2866 advocati
962 2832 1091 2883 pauperes
1103 2811 1231 2864 libertini.

165 2893 273 2946 discunt
290 2892 383 2955 simul,
401 2890 465 2942 dum
480 2891 612 2943 actionem
629 2910 677 2962 pe·
721 2895 817 2962 Itaque
841 2913 925 2964 quum
952 2906 1068 2962 rogasset
1091 2898 1232 2961 Agorasto-

167 2974 334 3036 riclitantur3
359 2989 412 3041 quo
427 2970 512 3021 facete
528 2969 572 3022 bic
590 2970 677 3022 allusit
721 2973 790 3026 elesa
806 2975 1005 3026 «tenerisremr
1019 2998 1029 3017 ιι
1044 2970 1118 3042 quod
1131 2969 1233 3035 est,sci·

165 3052 403 3107 plantassent.
722 3053 754 3104 tis
768 3051 835 3122 quid
849 3050 979 3122 agendum
995 3051 1029 3104 sit
1043 3071 1048 3101 :
1071 3051 1111 3102 illi
1126 3068 1232 3120 respon·

208 3133 254 3196 511.
266 3132 324 3186 Non
338 3132 468 3182 meminisse
482 3148 525 3180 nos
540 3140 614 3190 ratus,
624 3141 676 3182 etc.
725 3130 803 3195 dent,
818 3134 893 3203 quasi
912 3143 1029 3202 rogasset
1044 3129 1078 3182 de
1092 3143 1163 3182 statu
1176 3130 1233 3181 illo·
1255 3150 1258 3159 ·

164 3211 266 3281 Lepide
287 3222 485 3272 commentum,
505 3227 557 3279 qna
579 3209 676 3261 iterum
721 3230 782 3262 rum
793 3224 818 3264 et
828 3211 956 3281 pecunia:
969 3212 1103 3262 Tenemus
1115 3207 1232 3280 quidem,

164 3309 207 3344 res
227 3291 307 3360 paulo
331 3289 494 3358 implicatior
521 3301 675 3352 enarretur,
720 3288 767 3343 sed
785 3291 828 3342 rix
850 3291 964 3342 hercle:
982 3301 1232 3360 uttenentur,quae

165 3387 224 3441 quae
244 3387 278 3421 ne
300 3385 394 3438 purum
411 3379 524 3419 attentos
544 3368 584 3419 vel
604 3366 677 3420 haud
721 3369 825 3420 minimi
843 3368 916 3421 modi
932 3382 1012 3432 sunt,
1036 3367 1158 3438 digitulis
1181 3367 1234 3438 pri-

164 3463 272 3505 strenue
287 3447 478 3515 intelligentes,
497 3448 676 3516 spectantium
720 3449 860 3500 moribus:
877 3449 914 3500 ita
925 3449 1057 3518 pauxilla,
1071 3448 1170 3511 tenuis,
1182 3446 1233 3499 exi·

167 3528 269 3583 animos
288 3527 505 3597 praeterfugeret,
534 3525 614 3597 poeta
642 3528 676 3578 ti·
721 3547 773 3598 gua
787 3541 833 3580 est.
851 3528 978 3580 Similiter
994 3527 1063 3579 ludit
1078 3527 1187 3579 Curcul.
1201 3527 1235 3588 V,

167 3609 243 3661 muit.
255 3607 290 3656 N.
725 3625 759 3660 a:
776 3629 787 3649 s
800 3608 895 3677 Magna
911 3627 953 3660 res
969 3621 1017 3660 est.
1037 3626 1082 3659 ru.
1101 3606 1182 3658 Nulla
1198 3617 1235 3656 est

164 3690 167 3697 ’
207 3687 322 3749 58.Εο,
337 3685 383 3737 sic.
723 3686 806 3738 mihis
819 3705 881 3739 nam
900 3707 978 3757 quarn
999 3688 1098 3745 habui,
1118 3685 1234 3738 absumsi

207 3771 254 3819 61.
267 3765 484 3835 Duplr'sahitomnc
491 3766 595 3832 sartum.
608 3766 675 3836 Sup.
722 3766 843 3820 celeriter
859 3793 883 3820 ».
898 3769 988 3822 Gnou.
1007 3804 1044 3813 m
1063 3766 1104 3820 Cf.
1121 3763 1232 3819 Carent.

165 3849 189 3912 l,
208 3865 231 3909 1,
245 3843 628 3914 56.—Addicetnraprretore.
722 3847 745 3909 I,
766 3866 791 3912 1,
811 3845 855 3910 45.
