2654 4778
157 357 201 438 14
530 312 824 444 Portunus,

151 481 251 551 Nunc
269 479 351 547 mihi
371 479 580 549 blandidicus
601 506 651 571 es,
672 483 744 551 heri
763 484 797 549 in
821 497 917 578 tergo
939 508 1013 552 meo
1189 519 1211 552 ιο

149 590 242 659 Treis
259 589 356 659 facile
376 591 484 660 corios
502 593 689 661 contrivisti
707 592 863 664 bubulos.
1137 673 1143 682 .

146 723 253 770 acon.
272 702 317 771 At
333 727 447 771 amans
466 726 525 796 per
540 726 689 772 amorem
708 705 734 772 si
754 704 834 798 quid
855 705 937 791 feci,
954 703 1117 800 Milphio,

114 839 116 845 ·
148 815 348 906 Ingnoscere
361 812 396 879 id
407 827 439 880 te
447 813 527 881 mihi
538 838 668 907 aequom
679 813 1042 884 ’sttutcrmllaudvidi
1055 813 1173 910 magis.

151 927 195 993 Et
209 948 299 992 nunc
315 948 377 1018 ego
395 948 508 991 amore
522 946 644 1017 pereo:
662 924 732 993 sine
751 939 783 993 te
798 920 985 1013 verberem,
1073 998 1075 1002 ,

149 1037 235 1103 Item
253 1047 292 1101 ut
310 1047 349 1102 tu
368 1032 451 1100 mihi
473 1033 596 1119 fecisti,
614 1034 657 1102 ob
678 1033 804 1103 nullam
822 1037 979 1105 noxiam:
1191 1054 1215 1094 ¹⁵

148 1147 227 1213 Post
249 1138 284 1211 id
305 1140 473 1230 locorum,
498 1157 536 1212 tu
554 1143 638 1212 mihi
656 1144 782 1213 amanti
799 1145 1000 1240 ingnoscito.

85 1288 98 1311 ν
146 1278 255 1324 acon.
273 1253 309 1322 si
324 1252 385 1321 tibi
400 1248 516 1322 lubido
525 1248 566 1322 ’st
584 1270 643 1323 aut
660 1252 845 1347 voluptati,
864 1254 959 1344 sino,

145 1362 334 1459 Suspende,
352 1363 459 1452 vinci,
478 1364 634 1452 verbera,
654 1380 773 1433 auctor
791 1391 888 1453 sum,
905 1368 988 1436 sino.

144 1499 270 1546 mern.
291 1474 326 1544 Si
347 1474 579 1543 auctoritatem
599 1488 714 1569 postea
733 1473 920 1570 defugeris,

143 1587 212 1656 Ubi
234 1583 412 1655 dissolutus
433 1599 469 1653 tu
489 1585 570 1672 sies,
588 1610 652 1680 ego
670 1585 844 1679 pendeam.

111 1777 117 1786 Ι
141 1720 251 1766 acon.
269 1688 384 1789 Egone
402 1694 488 1764 istuc
509 1696 614 1764 ausim
635 1695 744 1765 lacere
763 1696 947 1790 praesertim
968 1695 1053 1769 tibi?

72 1832 76 1839 ’
146 1806 240 1894 Quin
259 1807 287 1874 si
306 1806 398 1874 feriri
419 1805 585 1890 videone,
606 1804 773 1900 extemplo
796 1804 894 1875 dolet.

142 1940 271 1986 urnrfl.
297 1915 386 1985 Mihi
407 1914 561 2010 quidem,
579 1914 701 1984 hercle.
732 1939 843 1986 scon.
873 1918 948 1985 Imo
968 1913 1063 1982 mihi.
1084 1934 1214 1985 atrurn.

287 2028 379 2094 Istuc
396 2022 559 2093 mavelim.
747 2032 752 2044 ‘
1005 2032 1007 2037 ’

141 2134 206 2205 Sed
223 2134 304 2228 quid
318 2159 410 2202 nunc
426 2133 570 2202 tihivis?
587 2157 695 2204 acon.
715 2137 786 2203 Cur
804 2158 865 2227 ego
881 2133 972 2228 apud
991 2148 1023 2201 te
1042 2132 1213 2202 mentiar?

140 2250 228 2316 Amo
246 2243 441 2313 inmodeste.
457 2227 583 2314 utnon.
598 2246 684 2312 Meae
700 2243 786 2313 istuc
807 2243 948 2337 scapulae
971 2243 1130 2314 sentiunt.
1185 2263 1211 2305 ιε

138 2380 248 2426 soon.
268 2358 313 2422 At
331 2379 392 2448 ego
412 2353 501 2422 hanc
517 2353 663 2422 vicinam
682 2353 757 2422 dico
776 2352 1015 2451 Adelphasium
1034 2378 1168 2443 meam,

135 2467 280 2538 Lenonis
297 2464 399 2558 hujus
418 2465 626 2534 meretricem
645 2463 877 2557 majusculam.

139 2601 266 2648 Mitris.
295 2574 500 2670 iampridem
521 2575 676 2670 equidem
705 2574 791 2644 istuc
815 2599 856 2643 ex
880 2588 912 2642 te
941 2572 1065 2643 audivi.
1094 2596 1209 2644 Acon.

284 2686 437 2756 Disseror

138 2837 215 2886 cant,
238 2824 316 2876 aliam
342 2822 476 2894 originem
497 2823 603 2888 hahet,
624 2835 651 2875 et
693 2821 890 2894 iniquissimum
905 2839 970 2875 esse.
985 2820 1095 2874 Dixerat
1106 2821 1209 2893 quippe

138 2902 303 2956 credendum
316 2903 394 2955 Velio
406 2903 500 2974 Longo
513 2915 540 2955 et
550 2900 650 2967 Plinio,
693 2901 862 2968 adolescens,
873 2894 948 2973 quod
958 2920 1007 2972 per
1019 2916 1138 2954 amorem
1151 2918 1206 2954 ner·

139 2984 252 3048 XVIII,
275 3001 324 3047 ao,
343 2981 373 3034 id
384 2992 405 3033 ‘a
418 2982 467 3034 lira
480 2983 579 3036 rustica
593 2999 650 3035 esse
692 2997 756 3034 vum
771 2982 932 3058 verberasset
948 2975 1058 3052 pridie:
1079 3002 1091 3024 t
1101 2972 1131 3033 id
1154 2974 1208 3034 sini

138 3062 294 3117 deductum.
315 3060 387 3114 Vide
409 3062 444 3135 G.
465 3063 592 3116 Vossium
618 3064 647 3115 in
691 3062 792 3134 ignosci
804 3080 909 3133 aequum
921 3079 975 3114 esse
987 3085 1011 3112 »-
1024 3061 1136 3114 Munnr.

137 3142 333 3216 Etymologico.
346 3142 439 3195 Gaort.
736 3142 1029 3196 repentinorum.
1053 3137 1096 3195 Ci.
1115 3141 1205 3194 Cesin.

181 3242 226 3277 ια.
240 3224 291 3274 Per
310 3241 421 3276 amorem.
432 3219 476 3274 Sic
491 3222 582 3275 Aulul.
595 3223 647 3288 IV,
691 3219 720 3288 I,
738 3240 764 3287 r,
782 3218 829 3276 32.

139 3322 188 3368 ro,
202 3303 248 3370 15,
266 3315 371 3355 excusat
383 3320 411 3356 se
432 3301 514 3354 :vini
527 3303 594 3357 vitio
608 3314 649 3356 et-
735 3321 779 3372 19-
793 3303 919 3355 Auctorit.
935 3301 985 3368 def.
1003 3300 1032 3352 Si
1045 3301 1164 3353 nolueris
1178 3314 1204 3354 te

133 3402 186 3455 que
195 3382 292 3435 amoris
305 3407 330 3433 ι.
681 3372 824 3436 ⁴auctorem
836 3382 874 3434 rei
889 3393 1023 3452 praestare,
1037 3379 1202 3451 respondere

179 3462 224 3515 13.
252 3462 331 3514 Hm
353 3462 408 3514 uidi
433 3465 519 3532 magis.
552 3461 645 3516 Genus
689 3461 852 3515 vadimonio.
862 3461 945 3515 Cous.
953 3463 1065 3514 Terent.
1076 3461 1201 3513 Eunuch.

133 3540 269 3614 quoddam
283 3541 411 3612 loquendi
421 3542 573 3608 ironicum,
587 3560 644 3613 quo
688 3542 728 3608 11,
741 3543 768 3606 3,
786 3559 833 3611 97.
847 3541 881 3593 N.

104 3671 106 3677 ,
133 3623 291 3687 utebantur,
310 3638 393 3692 quum
413 3621 552 3675 ostendere
571 3624 644 3675 vole·
731 3640 774 3674 ao.
798 3621 938 3672 Dissolntus
955 3638 971 3671 e
987 3619 1096 3673 vinculo
1116 3637 1202 3672 susce·

133 3703 216 3768 hunt,
233 3701 263 3754 id
279 3699 353 3773 quod
371 3700 478 3754 dixisset
496 3702 579 3768 alius,
592 3703 643 3761 silai
686 3714 740 3772 ptae
757 3700 930 3753 auctoritatis.
945 3699 980 3752 N.

133 3802 192 3836 non
204 3781 313 3852 probari
334 3798 341 3834 ε
364 3800 452 3851 neque
469 3783 507 3834 ita
521 3800 591 3848 esse,
611 3795 642 3835 ut
729 3783 774 3834 25.
785 3781 929 3842 Inmdeste,
942 3780 1048 3845 insane,
1062 3779 1131 3832 ultra
1144 3797 1200 3831 mo·

130 3862 176 3915 ille
196 3861 313 3915 dixisset.
334 3861 385 3913 Hie
405 3860 516 3932 quidem
529 3861 642 3932 perinde
685 3860 1035 3932 dum.-·-Scapuloesentiunt.
1044 3857 1197 3912 Vid.v.11.

130 3956 186 4006 est,
206 3961 236 3995 ac
249 3943 271 3994 si
283 3940 384 3996 diceret
399 3941 513 3995 irridens
525 3958 638 3995 servus:
728 3961 773 4011 ²7·
795 3941 967 4011 Majuscalam.
992 3941 1128 4011 Majorem
1150 3948 1198 3992 nd·

132 4048 143 4069 ι
162 4023 237 4075 Nihil
260 4020 318 4074 vidi
350 4038 469 4093 unquam
496 4023 597 4093 aequius
612 4046 635 4074 ι.
683 4035 727 4086 tu,
751 4018 799 4074 sed
817 4021 904 4091 ipsam
922 4039 1032 4092 quoque
1048 4019 1198 4073 adolescen-

122 4103 214 4168 Quum
229 4120 261 4155 ex
274 4102 409 4155 contrario
423 4103 536 4172 intelligi
553 4103 634 4167 velit,
680 4103 771 4155 tulmn.
788 4102 821 4153 N.
