2654 4778
92 326 96 333 ·
131 304 179 377 ss
508 305 812 392 rouuunus,

22 461 24 465 ·
129 420 354 500 reon'utitre
372 428 416 499 ad
434 452 504 516 me,
523 428 638 513 sodes,
658 429 759 499 hodie
780 426 1022 522 Adelphasium
1039 441 1144 515 tuam,

127 541 192 610 Die
212 541 295 609 sesto
317 537 439 607 celebri
460 539 631 635 nobilique
652 540 871 634 Aphrodisiis.

127 674 203 720 uro.
224 649 378 726 Calidum
397 650 559 743 prandisti
580 651 761 745 prandium
779 649 905 722 hodie?
925 647 979 720 dic
998 648 1093 724 mihi.

129 785 238 831 seor..
266 760 357 849 Quid
377 761 472 854 jam?
490 784 568 831 erc.
599 763 689 853 Quia
707 785 745 831 os
762 748 854 830 nune
869 758 1078 852 frigefactas,
1093 782 1182 854 quom

276 897 382 966 rogas.
1165 889 1184 933 u

125 1003 236 1050 seon.
256 985 328 1050 Hoc
347 1006 429 1076 age,
447 982 512 1067 sis,
528 980 604 1050 leno
621 1009 629 1051 ε
649 1006 779 1050 servom
795 1005 865 1049 esse
883 979 997 1049 audivi
1016 1003 1129 1048 meum

125 1090 226 1185 Apud
248 1107 290 1161 te.
311 1117 390 1162 ure.
410 1091 511 1186 Apud
530 1091 610 1161 mel
630 1116 805 1184 nunquam
825 1090 950 1159 factum
972 1089 1130 1184 reperies.

125 1225 235 1271 seou.
254 1204 398 1272 Mentire
418 1230 425 1272 :
447 1202 587 1271 named
608 1216 640 1271 te
658 1202 769 1288 venit,
792 1225 980 1295 aurumque
1002 1198 1135 1269 adtulit.

125 1314 178 1380 Ita
200 1311 281 1380 mihi
302 1308 601 1400 renunciatum’st‚
623 1312 744 1406 quibus
767 1311 867 1380 credo
888 1311 977 1380 satis.

125 1417 207 1490 uro.
220 1421 331 1490 Malus
352 1448 409 1509 es,
429 1436 600 1516 captatum
622 1447 675 1490 me
695 1423 831 1491 advenis
850 1447 928 1490 cum
948 1421 1099 1490 testibus.
1169 1453 1191 1478 ιν

125 1532 153 1597 T
156 1554 276 1599 uorum
294 1531 383 1625 apud
403 1557 455 1600 me
476 1557 575 1601 nemo
587 1532 648 1620 ’st‚
668 1533 931 1627 necquidquam
951 1533 1011 1602 tui.

126 1662 233 1708 Aeon.
254 1643 461 1710 Mementote
479 1640 579 1730 illue,
597 1642 772 1712 Advocati.
792 1668 876 1713 ουν.
896 1641 1127 1714 Meminimus.

127 1772 205 1818 ure.
226 1755 279 1818 Ha
297 1751 340 1819 ha
361 1749 422 1821 he!
440 1753 510 1846 jam
531 1768 628 1823 teneo
647 1754 728 1848 quid
748 1755 808 1839 sit,
831 1754 983 1848 perspexi
1002 1751 1116 1823 modo.

127 1861 193 1948 Hi,
209 1863 268 1955 qui
290 1861 385 1931 illum
407 1862 535 1933 dudum
555 1863 817 1936 conciliaverunt
834 1865 916 1933 mihi

174 2049 352 2118 13.Dr'efesto
368 2050 463 2105 celebri.
476 2052 538 2106 Nou
555 2067 593 2106 est
607 2055 640 2106 ab
686 2055 808 2119 insulsis,
824 2053 941 2107 inficetis
957 2051 1113 2106 audiuntur.
1132 2051 1196 2106 Tam

56 2137 79 2198 'p
130 2129 274 2200 interprete
292 2133 320 2184 τὸ
336 2132 423 2199 flesto,
450 2145 481 2184 ut
501 2145 640 2203 putarunt.
687 2134 797 2205 frigida,
814 2135 914 2205 inquit,
932 2132 1063 2204 loqueris,
1078 2145 1109 2186 ut
1122 2133 1195 2184 sice·

130 2209 268 2262 Sallustius
293 2210 322 2263 in
349 2212 423 2264 Bello
451 2212 640 2284 Iugurthino:
686 2213 750 2266 lido·
770 2215 830 2266 elbo
853 2214 951 2284 raptim
978 2224 1082 2284 gustato
1109 2225 1197 2285 guttur

130 2289 179 2341 «in
189 2287 260 2342 diem
273 2290 380 2342 tertium
389 2292 642 2364 constituunt,quod
687 2293 845 2359 adussisses‚
863 2293 896 2346 ad
911 2293 967 2346 hseo
982 2293 1062 2345 verba
1078 2291 1108 2344 id
1121 2291 1196 2344 refri-

126 2368 150 2421 is
164 2368 246 2422 festus
259 2370 461 2443 celebratusque
472 2392 520 2443 per
533 2391 642 2426 omnem
687 2392 780 2445 gerare
791 2393 889 2444 posses.
901 2373 944 2426 Sic
952 2386 978 2426 et
985 2369 1095 2435 Rudv,
1107 2391 1132 2428 ο,
1146 2370 1196 2439 39:

129 2448 245 2502 Africam
263 2450 357 2504 ludum
373 2466 399 2505 et
412 2453 547 2505 lasciviam
561 2454 644 2524 nragis
691 2480 703 2501 ι
717 2455 754 2506 οο
773 2454 840 2507 calet
863 2452 933 2506 tibi:
948 2470 1021 2509 nuuc
1042 2450 1072 2503 id
1092 2451 1199 2520 frigefa-

129 2547 209 2599 quam
237 2529 410 2584 formidinem
448 2534 598 2585 ostentabat
617 2559 642 2586 a.
688 2546 782 2586 ctas·.
800 2533 928 2586 Similiter
939 2531 1009 2584 ludit
1019 2531 1198 2594 Moriatllt,

130 2609 258 2679 Guorror.
691 2613 724 2667 25
743 2632 750 2665 τ
769 2636 779 2656 ο
789 2612 815 2665 Si
828 2613 971 2683 temperari
985 2611 1110 2663 balneum
1122 2611 1196 2682 cupis

172 2688 218 2741 15.
233 2689 306 2741 Nune
317 2709 344 2740 os
352 2681 483 2759 frigefaet.
503 2716 514 2738 ι
530 2691 586 2754 Qui
601 2710 643 2743 ca·
688 2695 809 2754 fervens,
823 2694 911 2762 Roga,
931 2691 1043 2754 lavetur,
1063 2691 1198 2743 rhetorem

128 2765 216 2819 lidum
242 2768 357 2838 prandet
380 2768 543 2840 prandium,
566 2770 642 2823 avide
688 2773 842 2825 Sabineium
864 2791 870 2824 :
894 2771 1060 2824 Neronianas
1076 2768 1105 2821 id
1120 2770 1197 2822 refri-

130 2860 233 2917 cuptate
242 2866 307 2899 aura
317 2848 431 2900 libenter
445 2868 475 2901 os
487 2849 642 2918 ingesserat,
686 2865 760 2922 gerat
774 2853 888 2904 thermas
905 2878 928 2904 ι.
944 2853 978 2902 Et
994 2849 1142 2903 Gnatbaenu
1155 2850 1200 2900 Di·

131 2927 178 2997 qui
189 2945 254 2979 vero
268 2946 359 2979 auram
373 2941 478 2998 captat,
492 2929 561 2980 uihil
572 2931 639 3001 agit:
686 2933 779 3002 philo,
795 2932 892 3002 Ψυχρόν
915 2931 939 3001 γ’
959 2932 1022 2997 ἔχοις
1045 2931 1087 2982 τὀν
1107 2930 1197 2982 λάκκον

130 3006 168 3070 sic
179 3008 364 3078 Agorastocles
373 3008 442 3060 nihil
456 3009 509 3078 agit
521 3009 643 3079 rogando
687 3014 899 3083 ὁμολογουμένως,
919 3009 1019 3062 dicenti
1038 3009 1076 3062 sie
1088 3027 1199 3080 respon·

129 3085 163 3139 ad
175 3105 202 3139 se
214 3088 285 3140 mitti
295 3086 486 3158 Adelphasium
498 3114 522 3140 ι.
535 3088 578 3141 Sic
593 3108 642 3159 pu·
687 3090 726 3143 dit
741 3113 747 3141 ε
769 3099 817 3143 τῶν
833 3099 881 3144 σῶν
897 3088 1034 3161 δραμάτων
1051 3087 1098 3160 γὰρ
1116 3091 1200 3158 ἐπιμε-

130 3179 188 3218 tant
199 3186 227 3219 se
241 3180 319 3220 acute
335 3186 391 3219 rem
409 3166 553 3238 expedisse.
574 3168 642 3221 Sane
684 3177 732 3231 λῶς
760 3172 792 3230 εἰς
820 3173 891 3224 αὐτὸν
919 3171 957 3222 ἀεὶ
985 3170 1040 3229 τοὺς
1066 3171 1198 3240 προλόγους

130 3248 175 3317 qui
197 3266 288 3299 auram
307 3261 393 3318 captat
406 3266 457 3318 pro
478 3266 607 3317 corpore,
620 3249 643 3300 is
687 3248 856 3322 ἐμὸοίλλομεν,
871 3250 942 3321 apud
954 3249 1050 3301 Athen.
1062 3248 1110 3299 lib.
1121 3249 1198 3301 XIII.

129 3327 196 3378 nibil
209 3329 286 3397 agit:
310 3327 412 3398 sedqui
428 3347 518 3380 auram
535 3341 638 3398 captat,
686 3331 1041 3398 Gronov.-Frigefaetas.
1053 3329 1079 3380 J.
1093 3327 1157 3380 Gul.
1173 3339 1199 3379 et

128 3419 158 3458 ut
177 3425 281 3469 auram,
303 3426 400 3479 nempe
415 3406 593 3480 refrigerandi
612 3422 639 3462 et
683 3412 775 3463 Douza
795 3411 913 3480 probant
929 3409 1128 3478 frigidefactas:
1145 3425 1198 3478 qua

127 3486 266 3538 recreandi
288 3489 329 3539 sui
349 3506 442 3551 causa,
468 3490 490 3540 is
515 3490 636 3559 prolecto
682 3510 760 3555 voce,
779 3488 872 3542 eodem
887 3490 965 3561 plane
982 3507 1075 3552 sensu,
1091 3506 1155 3541 usus
1170 3487 1199 3540 iu

126 3563 227 3636 aliquid
244 3565 312 3636 agit,
334 3579 360 3617 et
380 3587 406 3620 se
426 3569 529 3620 restitui
549 3571 636 3622 sentit.
681 3570 752 3639 Rud.
768 3583 821 3622 aot.
832 3571 868 3634 V,
887 3589 913 3634 ο,
928 3589 966 3621 vs.
985 3570 1021 3635 39
1038 3586 1043 3619 :
1059 3591 1069 3611 ν
1081 3567 1120 3619 Os
1131 3567 1200 3618 calet

126 3645 186 3697 Alio
204 3657 231 3696 et
249 3645 416 3698 commodius
431 3649 541 3717 respicit
556 3649 636 3700 Plau·
681 3650 755 3702 tibi!
792 3668 857 3701 num
885 3649 924 3720 git
949 3645 1157 3718 frigidefactas?
1185 3673 1195 3692 ·

125 3737 176 3777 tus.
199 3724 305 3794 Frigida
327 3724 462 3791 dicuntur,
487 3728 515 3778 in
538 3729 636 3797 quihus
682 3731 802 3782 Eurusr.

126 3823 222 3875 parum
245 3817 283 3857 est
303 3807 407 3875 gratiae,
432 3806 505 3871 salis,
528 3808 635 3860 facetia·
723 3815 767 3872 ποί.
778 3809 832 3871 Hi,
854 3811 897 3879 qui
907 3808 991 3870 illum,
1009 3807 1198 3878 ete.1i‚quo·

126 3903 205 3936 rum:
221 3884 259 3937 sic
271 3885 393 3954 frigidum
409 3887 519 3946 schema,
535 3887 635 3956 frigr'da
680 3907 740 3940 rum
762 3906 844 3958 opere
865 3888 910 3941 bic
931 3889 1076 3957 Spartanus
1099 3886 1134 3939 ad
1155 3905 1200 3938 me

109 3964 257 4020 urbanitas.
269 3965 313 4017 Sic
328 3965 411 4036 igitur
424 3978 451 4019 et
460 3968 560 4036 frigida
574 3986 635 4037 quae
679 3969 764 4025 venit,
780 3969 890 4020 moleste
903 3969 955 4039 jani
970 3969 1069 4031 lerunt,
1087 3986 1132 4019 nre
1147 3967 1198 4018 hos

123 4042 179 4110 dine
192 4045 276 4114 gratia
290 4047 471 4117 excipiuntur,
483 4066 532 4116 pro
547 4048 635 4111 latnie,
682 4047 735 4100 300
753 4048 892 4118 Philippos
908 4048 1112 4101 lucrifacturum
1129 4066 1198 4099 esse.
