2654 4778
157 107 206 179 ..6
545 110 838 199 nonnosus,

156 230 199 303 s'e
215 256 327 301 amare
343 227 450 317 velle,
469 244 571 324 atque
589 233 728 328 obsequi
746 236 859 304 animo
876 260 947 306 suo.

155 345 284 412 Locum
306 340 369 412 sibi
390 338 475 410 velle
493 338 637 411 liberum
656 344 852 439 praeberier,

1303 302 1309 344 ι

153 452 222 522 Ubi
239 476 382 546 nequam
402 449 502 520 faciat
518 450 625 540 clam,
645 478 688 547 ne
706 455 781 548 quis
802 456 845 524 sit
860 455 995 525 arbiter.
1191 479 1222 518 ε·
1296 408 1308 556 Ξ

147 566 242 632 Leno
257 562 300 633 ad
319 587 353 633 sc
370 561 515 656 adcipiet
537 565 608 632 auri
627 565 768 659 cupidus
785 564 886 635 iulico
903 593 911 635 :
1298 598 1314 676 q

153 671 286 744 Celabit
303 672 474 741 hominem
494 687 528 740 et
550 697 681 742 aurum.
701 698 813 745 acon.
837 674 1024 745 Consilium
1041 676 1161 772 placet.
1241 657 1252 676 ’

153 806 282 853 aarum.
298 786 450 878 Rogato,
472 807 582 852 servos
601 785 776 853 veneritne
794 784 837 853 ad
855 811 933 855 cmn
951 799 1044 860 tuus.

152 892 214 962 Ille
235 917 288 962 me
306 891 454 962 censebit
470 894 597 988 quaeri:
617 895 780 963 continuo
800 896 861 964 tibi

152 1004 298 1099 Negabit
314 1029 321 1071 :
337 1002 419 1098 quid
435 1017 473 1072 tu
490 1002 647 1090 dubitas,
664 1007 746 1099 quin
766 1008 957 1103 extempulo

154 1113 261 1209 Dupli
281 1115 343 1183 tibi
363 1114 436 1184 auri
458 1128 491 1182 et
508 1114 657 1215 hominis
675 1115 732 1184 fur
751 1116 827 1186 leno
846 1117 935 1187 siet?

156 1227 275 1319 Neque
294 1225 330 1294 id
346 1224 436 1294 unde
454 1223 605 1310 ecficiat,
625 1224 747 1294 habet:
770 1226 828 1294 ubi
845 1227 880 1295 in
895 1226 951 1320 jus
969 1229 1119 1314 venerit,

41 1352 45 1359 “
158 1335 298 1404 Addicet
315 1349 438 1429 praetor
456 1332 616 1403 familiam
637 1349 743 1403 totam
763 1335 849 1404 tibi:

156 1450 209 1516 Ita
232 1446 434 1540 decipiemus
454 1444 549 1513 fovea
569 1443 723 1514 lenonem
745 1449 884 1541 Lycum.
1305 1526 1309 1537 .

156 1579 262 1626 acon.
284 1554 397 1625 Placet
419 1553 609 1624 consilium.
635 1579 763 1626 micon.
788 1560 862 1624 lmo
893 1556 1012 1644 etiam,
1041 1556 1100 1628 ubi
1126 1581 1229 1653 expo·
1310 1581 1311 1586 ’

303 1665 423 1752 livere,
1202 1689 1228 1730 s.
1308 1641 1312 1695 ¹

156 1777 265 1870 Magis
281 1777 346 1846 hoc
364 1791 435 1844 tum
450 1775 586 1845 demum
606 1776 695 1846 dices
710 1802 719 1845 ε
735 1802 825 1847 nunc
843 1779 943 1847 etiam
963 1778 1046 1847 rude
1053 1778 1104 1848 ’st.

157 1908 267 1955 scon.
286 1888 360 1979 Ego
374 1885 409 1952 in
424 1884 527 1954 aedem
541 1888 682 1956 Veneris
696 1911 754 1974 eo,
771 1888 835 1956 nisi
857 1888 940 1981 quid
958 1889 1024 1976 vis,
1038 1886 1197 1982 Milphio.

64 2044 70 2058 .
156 1994 358 2088 Aphrodisia
374 1993 475 2063 hodie
489 2010 578 2064 sunt.
593 2020 715 2066 Micon.
722 1998 799 2066 Scio
806 1997 883 2066 hoc.
894 2022 1002 2069 scon.
1015 1997 1142 2068 Oculos
1150 1996 1230 2069 volo

157 2110 253 2176 Meos
271 2104 435 2174 delectare
454 2107 628 2176 munditiis
647 2108 855 2176 meretriciis.

157 2240 286 2287 utnon.
305 2220 379 2285 Hoc
390 2218 536 2312 primum
551 2242 709 2312 agamus,
725 2216 816 2311 quod
834 2215 1011 2287 consilium
1023 2217 1183 2312 cepimus.
1205 2235 1231 2278 ⁶⁵

157 2328 325 2408 Abeamus
346 2328 454 2413 intre,
471 2342 510 2396 ut
525 2326 751 2422 Collybiscum
773 2325 922 2396 villicum

158 2441 253 2506 Hanc
274 2437 514 2532 perdoceamus
535 2441 571 2506 ut
592 2436 677 2506 ferat
693 2435 870 2507 fallaciam.

159 2570 267 2616 acor.
282 2539 498 2642 Quamquam
512 2547 645 2641 Cupido
662 2549 696 2615 in
712 2547 812 2616 corde
828 2561 994 2627 vorsatus,
1012 2563 1124 2616 tamen

158 2656 234 2726 Tibi
252 2655 458 2726 auscultabo.
476 2682 600 2728 uranu.
615 2658 748 2727 Faciam
766 2672 804 2726 ut
824 2656 912 2726 lacto
930 2655 1087 2753 gaudeas.

1244 878 1250 907 l

163 2813 237 2864 Tace.
268 2811 348 2864 Conl.
374 2811 483 2866 Curcul.
504 2810 537 2874 1,
563 2828 595 2874 1,
624 2811 670 2874 84,
756 2809 951 2882 tetraptota·
967 2813 1029 2863 auri.
1047 2808 1133 2880 Dupli
1147 2826 1230 2880 poena

203 2893 252 2956 48.
264 2888 296 2942 Se
309 2911 391 2943 amare
403 2891 476 2942 celle.
486 2887 561 2953 Quid
573 2890 626 2943 hoc
637 2890 672 2943 sit
715 2890 743 2942 iu
756 2891 1015 2954 cumconstituatnr,
1025 2901 1052 2943 et
1063 2889 1130 2954 ouri,
1141 2900 1171 2942 et
1182 2890 1232 2943 ho·

162 2971 305 3025 locutionis
319 2983 346 3024 et
361 2968 498 3024 sententiae
516 2969 615 3021 mirum
633 2970 672 3023 vi·
714 2968 810 3036 minis,
825 2969 855 3023 id
870 2983 929 3035 est,
949 2969 1018 3022 servi
1039 2967 1156 3040 surrepti
1180 2967 1232 3022 no·

161 3049 240 3105 detur
259 3051 350 3117 novis,
367 3048 421 3112 ,sed
434 3047 548 3120 antiquis
561 3067 616 3100 non
630 3049 671 3102 vi·
714 3049 796 3103 mine.
808 3049 1014 3104 Lmen—Fur
1026 3047 1152 3120 publicus
1162 3065 1232 3120 qua·

160 3129 283 3185 debatur.
304 3132 345 3185 Cf.
359 3131 433 3184 Asin.
448 3131 512 3201 Arg.
529 3140 625 3181 acrost.
645 3150 670 3184 1.
715 3127 825 3200 drupli,
844 3129 966 3201 privatus
989 3127 1066 3199 dupli
1084 3125 1233 3182 &innaba-

161 3211 321 3283 -'Obscqui
335 3215 423 3264 animo.
442 3210 484 3264 Cl.
498 3207 596 3263 Bacch.
610 3209 670 3275 III,
717 3221 770 3262 tur.
782 3207 817 3262 N.

163 3289 297 3353 3,12.N.
734 3288 801 3360 ·57.
827 3287 951 3357 Efficias,
975 3300 1079 3343 tantum
1096 3287 1231 3359 ,pecunia

203 3376 249 3438 49.
261 3370 351 3420 Locum
362 3369 410 3420 sibi
422 3368 485 3420 uelle
500 3367 608 3420 liberum.
623 3369 672 3420 Lo-
716 3367 833 3437 colligat.
847 3369 881 3422 N.

160 3469 201 3501 cus
217 3449 284 3514 liber,
304 3447 351 3499 ubi
366 3447 475 3500 remotis
491 3447 671 3518 interpellato·
758 3445 804 3516 59.
830 3448 983 3518 Decipa’emur
1005 3448 1081 3514 sorec
1112 3447 1229 3499 lenonem.

159 3528 234 3582 ribus
246 3540 273 3582 et
290 3527 408 3592 arbitris,
428 3526 523 3597 aliquis
538 3527 671 3598 voluptati
715 3525 838 3579 sumtum
858 3527 1011 3593 atuaticis,
1032 3525 1079 3599 qui
1095 3543 1164 3580 caca
1190 3526 1232 3579 fo·

161 3626 272 3678 operam
293 3605 357 3658 dare
377 3618 474 3679 potest.
488 3607 617 3660 Tonsos.
631 3635 671 3650 --
715 3624 763 3659 ven
771 3607 938 3679 fecta‚lnpos
947 3626 1042 3678 capere
1051 3607 1144 3661 solent.
1154 3606 1230 3660 Eu.

162 3685 233 3741 Vide
243 3700 269 3740 et
278 3699 354 3740 notas
365 3687 438 3740 Asin.
446 3687 483 3751 V,
498 3705 526 3748 ι,
543 3691 590 3758 l7.
757 3689 803 3740 60.
816 3688 974 3759 Expolirero.
986 3688 1047 3740 Mil.
1060 3687 1112 3752 IV,
1130 3692 1162 3752 4,
1180 3682 1228 3758 37.

205 3766 248 3821 50.
263 3767 373 3821 Arbiter.
389 3767 494 3837 Captis.
505 3767 544 3834 11,
554 3755 582 3833 i,
597 3773 641 3831 al.
758 3769 806 3821 62.
819 3768 877 3823 Nisi
886 3769 947 3842 quid
955 3758 1003 3823 cis.
1015 3767 1095 3822 Conl.
1110 3765 1188 3847 Αείιί·ἱ
1200 3764 1229 3832 Ι,

203 3844 307 3900 51.Aa
319 3867 358 3906 se,
371 3843 444 3919 apud
456 3865 491 3901 sc.
721 3864 746 3912 1,
759 3845 806 3914 95.
