2654 4778
330 380 333 386 ’
396 344 565 414 ACTUS
591 344 677 429 111,
701 344 869 416 SCENA
892 346 921 413 I.
1146 343 1194 430 43

124 469 189 539 Sed
199 483 311 537 tamen
321 467 640 562 quomodocunque,
649 492 854 560 quamquam
865 489 980 537 sumus
990 466 1198 561 pauperculi,

122 584 183 652 Est
196 579 299 666 domi,
313 577 404 672 quod
416 577 547 646 edimus
563 604 571 646 ε
586 602 629 646 ne
645 603 707 647 nos
725 592 793 646 tam
807 577 1003 646 contemtim
1016 591 1179 647 conteras.

124 691 306 787 Quidquid
322 705 372 758 est
393 687 615 785 pauxillulum
637 688 718 759 illuc
734 704 907 777 nostrum,
928 687 1011 758 illud
1028 713 1128 758 omne
1150 689 1196 756 in-

268 817 327 871 tus
349 816 425 871 est:
1169 821 1194 861 ³⁵

122 915 244 1006 Neque
262 937 325 980 nos
340 935 544 1006 quemquam
564 909 774 1004 flagitamus,
804 933 912 1004 neque
933 934 995 979 nos
1018 911 1196 1006 quisquam

272 1021 410 1116 flagitat.

121 1136 198 1202 Tua
216 1155 315 1202 causa
333 1157 432 1201 nemo
450 1146 643 1201 nostrorum
663 1144 713 1200 cst
732 1153 809 1200 suos
827 1144 989 1223 rupturus
1007 1131 1156 1200 ramices.

121 1266 233 1312 Acon.
255 1243 363 1314 Nimis
383 1242 533 1311 iracundi
552 1241 629 1311 estis
649 1267 657 1310 ε
677 1240 831 1335 equidem
850 1240 920 1309 haec
939 1239 1033 1309 vobis
1049 1241 1118 1309 dixi
1137 1266 1198 1334 per

269 1351 396 1444 jocum.

123 1486 209 1532 nou
229 1466 294 1533 Per
308 1464 423 1557 jocum
444 1461 558 1530 itidem
577 1462 705 1531 dictum
727 1461 870 1548 habeto,
887 1486 961 1554 quae
981 1486 1043 1531 nos
1064 1462 1125 1530 tibi
1147 1486 1197 1531 re-

276 1571 480 1666 spondimus.

125 1706 237 1753 acon.
257 1682 423 1766 Obsecro,
453 1680 581 1768 hercle,
604 1705 741 1776 operam
760 1678 904 1749 celocem
923 1681 1011 1751 hanc
1033 1683 1134 1770 mihi,
1158 1708 1200 1752 ne

172 1880 176 1889 Ι
273 1792 437 1861 corbitam
458 1791 559 1859 date:
1172 1817 1199 1861 r.

124 1902 348 1997 Adtrepidate
367 1901 482 1971 saltem
492 1938 505 1984 ‚·
521 1927 600 1970 nam
613 1925 673 1969 vos
688 1900 912 1994 adproperare
932 1901 1023 1971 haud
1039 1903 1184 1998 postulo.

124 2037 212 2082 Anu.
222 2016 259 2083 Si
269 2013 351 2106 quid
359 2028 396 2082 tu
407 2011 538 2107 placide
547 2012 824 2106 otiosequeagere
834 2013 883 2082 vis
895 2068 904 2098 ‚
918 2039 1054 2108 operam
1066 2016 1199 2088 damus:

125 2124 163 2194 Si
182 2148 361 2218 properas,
378 2148 531 2192 cursores
548 2122 692 2191 meliu’st
707 2135 739 2190 te
758 2121 936 2191 advocatos
951 2123 1081 2195 ducere.

128 2258 240 2306 acon.
259 2234 373 2322 Scitis,
393 2259 464 2303 rem
482 2235 614 2302 narravi
632 2233 742 2319 vobis,
761 2233 854 2326 quod
872 2250 983 2303 vostra
999 2260 1101 2329 opera
1117 2238 1200 2306 mibi

276 2368 360 2437 opus
378 2359 459 2428 siet,

125 2457 181 2522 De
199 2450 319 2522 lenone
332 2455 419 2540 hoc,
438 2455 495 2547 qui
514 2478 567 2521 me
585 2467 752 2520 amantem
772 2451 966 2522 ludificatur
984 2471 1051 2529 tam
1072 2457 1148 2540 diu,
1176 2481 1200 2528 aa

126 2565 169 2634 Ei
190 2579 314 2658 paratae
333 2579 370 2632 nt
391 2565 457 2632 sint
476 2563 603 2632 insidiae
623 2563 663 2630 de
683 2570 765 2631 auro
783 2579 815 2632 et
838 2564 991 2634 deservo
1006 2592 1091 2636 meo.

126 2700 210 2745 anv.
226 2675 349 2744 Omnia
365 2675 453 2742 istaec
465 2676 587 2742 scimus
600 2674 669 2765 jam
684 2699 759 2757 nos,
770 2675 797 2741 si
816 2673 851 2740 hi
867 2689 1068 2768 spectatores
1085 2677 1200 2748 sciant.

125 2790 269 2855 Horunc
285 2785 358 2852 heic
376 2809 466 2853 nunc
483 2809 581 2852 causa
595 2783 669 2861 ¹haec
688 2783 801 2876 agitur
814 2799 1038 2877 spectatorum
1055 2786 1186 2856 fabula:

170 2959 218 3014 35.
248 2959 375 3031 Quidquid
405 2970 442 3010 est
469 2959 642 3028 perstillalum.
730 2965 773 3020 40.
794 2959 900 3028 Operam
917 2961 1026 3017 celocem.
1047 2961 1152 3016 Allusio
1166 2963 1204 3023 ad

128 3038 274 3109 Quidquid
287 3040 365 3092 nobis
377 3037 465 3102 est‚id
476 3058 555 3090 omne
568 3036 642 3089 domi
686 3037 801 3090 celocem
813 3053 839 3091 et
850 3041 998 3106 corbitam3
1015 3060 1127 3112 quarum
1142 3045 1199 3097 lraec

128 3133 183 3184 est,
204 3137 256 3172 nec
270 3118 378 3171 aliunde
392 3119 525 3188 petimus,
541 3130 570 3170 ut
583 3117 643 3188 qni·
688 3117 780 3183 tarda,
794 3119 839 3171 illa
856 3120 949 3172 celeris
967 3135 1013 3173 est.
1029 3122 1071 3175 Cf.
1086 3124 1197 3177 Curcnl.

128 3198 193 3251 dem
214 3199 309 3251 Lamb.
327 3199 451 3269 explicat.
467 3197 521 3250 Sed
539 3196 568 3249 id
588 3217 643 3250 non
688 3200 724 3263 V,
739 3219 765 3263 α,
780 3206 828 3269 47,
846 3212 872 3252 et
885 3200 966 3270 Epid.
976 3202 1011 3265 V,
1024 3218 1048 3265 1,
1064 3220 1107 3253 11.

128 3280 200 3332 satis.
215 3279 304 3331 Etiam
323 3297 400 3330 snum
421 3276 450 3330 id
471 3297 527 3330 esse
541 3290 644 3344 totum,
730 3279 954 3346 inflammatae.
969 3280 1129 3344 Scriverius,
1142 3282 1198 3333 Aa·

128 3357 205 3428 qnod
219 3357 335 3410 habeant
346 3358 508 3428 quantillum
518 3359 643 3422 habeant,
688 3361 795 3426 repitme.
811 3359 909 3410 Senum
926 3371 965 3410 est
978 3358 1157 3428 attrepidate,
1169 3380 1201 3414 ac

128 3438 275 3490 affirmant.
317 3439 494 3508 Interpnoges
528 3438 609 3507 igitur
635 3457 642 3490 :
688 3437 766 3489 senili
791 3436 874 3506 gradu
897 3455 1085 3507 approperare.
1109 3441 1201 3493 Aulul.

131 3515 297 3587 «Quidquid
312 3530 351 3570 est
368 3518 546 3588 pauxillulum
565 3518 645 3583 illuc,
689 3529 739 3568 act.
752 3517 795 3580 11,
809 3515 835 3569 3.
848 3516 940 3569 Giton.

128 3610 254 3649 nostrum
270 3596 370 3649 illud».
384 3597 504 3649 Aornin.
731 3602 778 3659 44.
793 3597 852 3647 Rem
926 3597 1002 3668 quod,
1023 3598 1041 3650 i.
1055 3617 1080 3652 e.
1093 3619 1149 3652 rem
1162 3602 1198 3653 ob

172 3678 220 3730 36.
228 3677 314 3749 Neque
326 3697 385 3742 uos,
397 3690 448 3729 etc.
462 3678 556 3748 Neque
566 3696 645 3746 egen·
689 3677 913 3747 qnam.Euallage
927 3678 954 3728 in
967 3694 1063 3746 genere
1072 3698 1201 3750 perquam

129 3769 169 3809 tes
184 3775 263 3826 opem
277 3757 391 3808 alienam
404 3777 544 3827 rogamus,
559 3777 646 3829 neque
689 3756 844 3820 faniiliaris,
870 3774 944 3827 aeque
970 3776 1000 3808 ac
1024 3758 1052 3810 in
1077 3778 1200 3811 numero.

130 3837 277 3907 qnisquam
307 3835 429 3890 debitum
455 3855 470 3889 a
495 3837 572 3889 nobis
603 3857 646 3890 re·
692 3836 797 3905 Captiv.
815 3855 869 3887 aex
880 3840 979 3887 mc'seriis
990 3857 1033 3889 me
1045 3854 1200 3892 exemerunt

129 3915 227 3987 poscit.
241 3917 276 3968 N.
693 3936 780 3987 ...quea
795 3917 972 3968 sustentabam
983 3943 1007 3969 ».
1024 3917 1112 3971 Casin.
1121 3920 1162 3980 ΙΙ,
1176 3920 1202 3979 5,

172 3995 219 4065 37.
236 3997 359 4065 Rupturm
373 3998 481 4050 ramices.
501 3997 544 4049 cf.
561 3997 646 4049 Mero.
693 3994 708 4046 3
727 4016 733 4045 z
754 4023 764 4041 ι
776 3995 852 4048 istam
868 4015 977 4066 operam
997 3997 1115 4068 inpetres
1127 3998 1204 4068 quod

129 4075 157 4136 Ι,
178 4095 205 4140 2,
223 4095 268 4144 ²7·
695 4096 708 4127 a
726 4094 769 4127 me
783 4075 938 4144 postulas».
951 4076 986 4128 N.
