2654 4778
395 111 562 180 torus
587 111 667 196 111,
695 107 858 182 senua
882 113 925 179 v.
1151 112 1194 210 57

125 257 240 303 acon.
259 231 407 302 Tacendi
428 247 560 327 tempus
577 247 651 301 est:
669 257 747 300 nam
767 248 972 327 crepuerunt
993 234 1104 306 foreis.

123 346 229 412 Foras
249 342 401 437 egredior
418 342 513 411 video
530 341 683 411 lenonem
701 347 840 436 Lycum.
895 428 900 438 ¹

124 451 270 539 Adeste,
291 477 414 546 quaeso.
435 477 516 523 inv.
535 452 703 546 Quipini?
720 455 802 547 quin
822 455 849 522 si
867 452 976 543 voleS,

125 563 273 654 Operire
294 564 422 655 capita,
444 588 487 630 ne
508 587 570 631 nos
589 562 666 631 leno
690 563 862 657 gnoverit‚

124 672 196 760 Qui
216 671 264 740 illi
285 671 380 741 malae
403 673 450 741 rei
476 687 576 742 tantae
601 672 726 742 fuimus
748 671 872 742 inlices.

406 926 611 1016 somvl
649 926 919 1041 Qottvrl.

226 1159 405 1247 *LYCUS,
431 1159 816 1263 AGORASTOCLES,
841 1162 1088 1232 ADVOCATI.

123 1381 203 1427 nnc.
227 1357 440 1451 Suspendant
461 1359 590 1427 omneis
608 1384 699 1428 nunc
713 1361 782 1454 jam
803 1386 837 1432 sc
856 1362 1060 1456 haruspices.

122 1466 220 1557 Quid
238 1491 301 1562 ego
319 1465 384 1536 illis
403 1467 541 1561 posthac
559 1469 650 1561 quod
671 1467 852 1562 loquantur
872 1471 1053 1557 creduam,

124 1578 197 1665 Qui
218 1579 254 1645 in
274 1577 443 1645 redivina
466 1577 593 1646 dudum
615 1578 791 1664 dicebant,
810 1581 892 1648 milri

121 1686 256 1757 Malum
275 1687 502 1782 damnumque
519 1714 715 1758 maxumum
737 1690 953 1783 portendier?

122 1801 158 1868 Is
176 1795 341 1892 explicavi
364 1823 473 1866 meam
494 1810 564 1867 rem
586 1797 720 1893 postilla
739 1798 843 1876 lucro.
1191 1824 1202 1864 s

121 1931 235 1978 Acon.
257 1907 373 1977 Salvos
392 1909 454 1993 sis,
477 1907 564 1977 leno.
587 1933 664 1979 nnc.
692 1910 738 1978 Di
757 1924 791 1978 te
809 1924 940 1998 ament,
961 1908 1200 2003 Agorastocles.

122 2041 235 2088 acon.
251 2019 360 2113 Magis
374 2043 428 2086 me
446 2017 590 2112 benigne
608 2043 700 2095 nunc
719 2017 863 2106 salutas,
881 2043 983 2112 quam
1003 2018 1171 2087 antidhac.

121 2153 206 2199 nnc.
227 2128 465 2224 Tranquillitas
483 2131 613 2211 evenit,
632 2130 727 2222 quasi
746 2130 824 2197 navi
848 2130 882 2196 in
902 2129 1008 2197 mari:

77 2295 83 2308 ,
120 2241 308 2333 Utcunque
327 2254 378 2309 est
395 2253 532 2327 ventus,
552 2240 629 2307 exin
650 2237 759 2308 velum
780 2238 936 2307 vortitur.

121 2373 237 2420 acon.
253 2348 398 2418 Valeant
416 2350 506 2443 apud
523 2365 556 2418 te
572 2374 656 2442 quas
673 2348 769 2435 volo,
787 2363 888 2442 atque
907 2348 997 2416 haud
1019 2361 1051 2417 te
1073 2347 1159 2417 volo.
1177 2379 1202 2406 ω

121 2483 204 2531 nnc·
225 2458 347 2530 Valent
365 2475 403 2529 ut
421 2459 628 2555 postulatum
639 2459 698 2546 ’st‚
719 2486 835 2529 verum
854 2485 923 2527 non
946 2460 1018 2528 tibi.

166 2642 216 2700 35.
230 2645 326 2699 Ialices.
341 2646 405 2698 Illac
427 2645 484 2697 κατ’
508 2646 592 2713 ἐξοχὴν
614 2646 642 2697 in
686 2647 814 2710 mabant,
843 2646 1019 2715 explicatam,
1048 2642 1199 2715 expeditam

121 2725 243 2797 aucupio
259 2723 441 2790 dicituravis,
457 2725 560 2797 quaed
579 2725 641 2777 alias
686 2725 753 2789 feci,
773 2743 897 2778 successu
927 2743 1100 2796 prosperam,
1125 2725 1202 2775 lucro

120 2803 382 2875 illiciendasauceps
391 2806 485 2869 utitur,
495 2824 554 2875 quae
565 2805 640 2858 Grae·
686 2818 850 2876 comparato.
871 2803 997 2857 Pseudol.
1019 2805 1071 2867 IV,
1091 2823 1115 2866 1,
1140 2808 1174 2857 18
1194 2820 1201 2855 :

121 2884 161 2937 cis
174 2897 214 2937 est
227 2887 372 2955 παλεΰτρια.
383 2885 453 2937 Plin.
466 2885 513 2937 lib.
525 2887 566 2950 X,
586 2886 636 2937 33:
685 2912 696 2933 ι
708 2885 819 2955 polchre
833 2903 881 2954 ego
895 2885 964 2938 hanc
978 2884 1136 2953 explicatam
1149 2883 1200 2935 tibi

122 2964 249 3017 «Contra
271 2965 381 3035 aucupis
403 2965 501 3017 illicem
525 2977 639 3017 exeunte
682 2983 740 3017 rem
753 2965 823 3017 dabo
837 2990 860 3016 ι.
873 2965 907 3016 N.

121 3043 152 3095 in
169 3045 294 3114 praelium
314 3042 382 3098 duce
401 3044 485 3097 totius
510 3046 637 3115 gregis».
726 3067 751 3112 9.
768 3046 901 3114 Utcumque
919 3055 955 3094 est
974 3053 1069 3093 uentae
1090 3041 1117 3093 Α
1138 3061 1205 3112 qua·
1257 3101 1263 3112 ⁸

122 3115 353 3176 Gnosis-conf.
365 3124 443 3177 Asin.
453 3125 476 3189 I,
491 3126 518 3187 3,
531 3126 578 3176 68.
684 3141 800 3195 cumque
817 3136 893 3193 parte
903 3135 998 3174 ventus
1015 3121 1077 3184 flat,
1093 3119 1128 3173 ad
1143 3141 1201 3174 eam

167 3221 193 3257 t.
211 3203 332 3272 Stupend.
349 3224 382 3256 se.
399 3204 465 3255 Attis
481 3204 571 3257 verbis
583 3204 603 3257 i.
612 3223 639 3274 q.
685 3204 775 3257 velum
787 3204 911 3254 vertitur,
925 3202 967 3254 Ita
983 3201 1069 3271 qualis
1085 3214 1125 3253 est
1138 3203 1204 3254 For·

122 3294 186 3335 eant
197 3283 226 3334 in
238 3284 334 3334 malam
350 3301 467 3336 crucem.
683 3294 766 3347 tuna,
785 3282 844 3334 talis
858 3295 897 3334 est
915 3281 1057 3333 hominurn
1080 3282 1201 3348 animus,

168 3362 194 3416 5.
207 3363 250 3427 Is,
268 3361 340 3415 idern
354 3381 402 3433 ego
416 3364 459 3415 cui
475 3362 548 3426 male
561 3381 638 3414 cane·
683 3362 789 3426 vultus,
808 3362 905 3415 oratio.
925 3360 1005 3415 Conf.
1023 3360 1102 3432 Epid.
1120 3362 1151 3427 I,
1174 3379 1200 3414 1.

123 3441 386 3510 bant-Eaplicooi,
395 3440 423 3494 id
435 3455 484 3508 est,
495 3442 602 3495 extendi
614 3455 640 3494 et
680 3442 813 3508 ‚Gnoaom

124 3521 200 3592 quasi
213 3520 322 3574 dilatavi
336 3535 416 3592 atque
427 3523 500 3574 auxi.
515 3521 559 3574 sic
574 3522 642 3573 Pro·
686 3532 690 3539 “
730 3540 773 3573 10.
788 3523 872 3591 Atque
886 3521 953 3572 lraud
964 3533 988 3572 te
998 3522 1067 3572 uolo.
1081 3520 1201 3574 Salutem
1222 3560 1227 3572 .

123 3601 178 3671 log.
194 3602 295 3672 Amph.
308 3600 391 3667 dixit,
402 3603 513 3672 expedire
526 3606 640 3652 rationes.
685 3601 794 3671 puellis,
807 3619 862 3652 non
877 3601 926 3652 tibi
938 3613 1012 3671 opto.

124 3681 231 3733 Donat.
244 3682 433 3751 -Explicnre
447 3682 534 3733 simile
550 3695 589 3735 est
602 3693 641 3732 at·
732 3699 775 3732 11.
788 3682 846 3734 Non
864 3681 916 3732 att.
933 3678 1112 3752 Chlamydato
1127 3679 1200 3731 enim

130 3778 185 3829 que
197 3759 332 3832 expedire,
342 3761 388 3812 sed
399 3760 493 3814 dissert
502 3763 535 3812 ab
544 3781 641 3831 augere.
687 3761 789 3831 hospiti
802 3761 849 3812 lias
867 3762 968 3829 puellas
987 3763 1041 3831 jam
1059 3760 1146 3831 pretio
1159 3758 1204 3810 de·

130 3839 171 3891 Ex
186 3840 336 3911 implicata,
355 3840 501 3911 impedita,
521 3856 548 3894 ut
563 3853 643 3894 autu·
689 3842 809 3894 stinarat.
821 3841 913 3892 Laeta.
