2654 4778
122 356 170 437 do
510 357 803 442 POENULUS,

120 549 1177 578 §mmmmmmmmmmmmmuhmmfflmmssssffl

331 731 585 881 nurus
621 720 969 886 ruamus

458 1026 842 1060 ..m-..mm

353 1224 356 1228 ’
416 1219 621 1310 SCENA
653 1222 870 1308 PRIMA.

331 1407 707 1560 aeonasrocnns,
732 1442 980 1510 rovocari.

122 1631 311 1752 aeonlra
327 1701 380 1748 me
394 1675 428 1744 di
446 1690 578 1764 ament,
595 1677 691 1746 tardo
710 1678 818 1746 amico
839 1677 922 1747 nihil
937 1693 986 1748 est
1005 1680 1183 1775 quidquam

267 1809 437 1881 rnrqurus,

121 1899 307 1971 Praesertim
332 1897 462 1965 homini
487 1898 630 1983 amanti,
656 1897 714 1990 qui
737 1896 900 1991 quidquid
924 1899 1010 1993 agit,
1032 1914 1187 1996 properat

267 2031 389 2075 omma.

123 2118 218 2191 Sicut
229 2141 292 2211 ego
302 2116 363 2184 hos
378 2114 464 2185 duco
478 2115 676 2202 advocatos,
689 2116 840 2186 homines
855 2119 1187 2213 spissigradissumos,

122 2227 299 2300 Tardiores
316 2249 416 2318 quam
433 2225 569 2299 corhltae
586 2225 713 2293 suntin
730 2226 911 2321 tranquillo
927 2231 1019 2298 mari.

121 2343 234 2433 Atque
263 2336 439 2432 equidem,
471 2334 598 2423 hercle,
632 2335 745 2405 dedita
775 2363 876 2432 opera
903 2340 1027 2410 amicos
1049 2337 1187 2434 fugitavi

269 2471 372 2516 senes.
1178 2469 1188 2508 s

121 2559 253 2630 Scibam
274 2571 370 2626 aetate
388 2554 569 2640 tardiores,
581 2555 686 2622 metui
708 2579 782 2623 meo
801 2558 906 2625 amori
926 2583 1067 2628 moram.

122 2665 355 2761 Nequidquam
364 2665 426 2732 hos
438 2689 556 2758 procos
565 2664 648 2731 mihi
659 2662 743 2760 elegi
753 2665 941 2761 loripedem,
956 2669 1186 2737 tardissumos.

124 2778 217 2868 Quin
230 2777 257 2845 si
270 2775 351 2843 ituri
362 2777 440 2843 estis
453 2773 627 2863 hodie,ite,
634 2788 693 2843 aut
707 2777 752 2844 ite
766 2777 844 2846 hinc
859 2779 894 2846 in
910 2778 1031 2847 malam
1044 2805 1187 2848 crucem.

165 2976 190 3023 3.
202 2968 449 3038 Spissigradissunros.
471 2966 513 3020 cf.
530 2966 633 3019 Cistell.
722 2987 747 3038 7.
761 2969 859 3022 Procas.
874 2973 1024 3023 Procorum
1035 2972 1190 3025 nominein·

124 3051 152 3116 1,
170 3067 195 3115 1,
208 3065 254 3118 77.
679 3048 768 3119 telligo
783 3047 962 3103 adolescentes
974 3063 1104 3117 caretate,
1120 3050 1190 3103 utde

167 3135 194 3194 4.
208 3127 325 3189 corbitae,
338 3143 418 3178 naves
429 3124 635 3187 onerariae,tar·
680 3146 764 3181 uxore
795 3127 917 3182 ducenda
941 3130 1059 3200 cogitare
1080 3131 1189 3201 possint.

126 3207 168 3263 dae
187 3220 213 3260 et
235 3203 370 3280 grandes:
392 3204 430 3258 sic
448 3203 541 3268 dicte,
561 3201 635 3274 quod
680 3205 842 3260 Adolescens
862 3210 949 3274 enirn,
969 3209 1015 3279 qui
1043 3223 1189 3282 properat,

126 3306 217 3343 earum
242 3285 327 3338 malus
349 3284 507 3355 praelerebat
525 3284 635 3336 corbem
679 3304 753 3338 senes
765 3287 817 3339 sibi
831 3287 964 3341 advocare
973 3290 1113 3343 noluerat:
1126 3289 1190 3343 ado·

90 3389 100 3394 ⁴·
123 3368 154 3422 in
175 3384 279 3423 summo
299 3364 418 3435 fastigio,
442 3377 471 3416 ut
490 3364 635 3416 etiamnum
679 3366 805 3420 lescentes
836 3381 984 3432 sumserat;
1020 3369 1066 3422 sed
1091 3368 1120 3422 id
1143 3368 1190 3422 sibi

124 3466 188 3501 osus
199 3444 322 3499 obtinuit.
334 3444 376 3498 cf.
388 3444 475 3501 Casin.
488 3444 538 3508 IV,
554 3462 579 3506 1,
592 3462 634 3495 ao.
679 3445 746 3497 nihil
764 3447 896 3517 profuisse
915 3446 997 3513 dicit,
1020 3467 1119 3517 quum,
1139 3466 1191 3520 prat

123 3527 236 3579 Tanau.
250 3525 350 3576 -Est
368 3536 456 3577 autem
479 3523 535 3576 haec
555 3521 636 3575 difte-
680 3525 791 3578 mollitia
803 3537 830 3578 et
841 3525 942 3578 deliciis
958 3522 1004 3588 (ob
1018 3527 1047 3579 id
1060 3529 1135 3581 enim
1149 3545 1191 3580 eos

126 3607 211 3660 rentia
224 3605 295 3656 inter
312 3606 435 3655 onerarias
452 3616 479 3656 et
498 3605 637 3671 actuarias,
676 3624 762 3672 procos
774 3594 877 3669 vocatl,
891 3607 975 3658 nihilo
989 3608 1102 3661 celerius
1122 3609 1192 3660 ince-

124 3684 198 3758 quod
209 3685 250 3736 hae
262 3682 342 3735 remis
356 3694 507 3752 agerentur,
519 3682 564 3734 ille
578 3694 636 3734 tan·
680 3683 784 3747 derent,
794 3703 872 3754 quam
888 3704 970 3739 senes.
986 3684 1072 3757 quue
1088 3687 1145 3758 ipse
1157 3688 1191 3739 ita

38 3811 41 3818 .
125 3777 183 3818 tum
204 3763 270 3818 velis
289 3761 490 3815 instruerentur.
509 3762 569 3815 Liv.
587 3763 633 3814 lih.
680 3764 821 3833 perspicue
830 3763 921 3817 dicere
929 3765 1048 3818 videtur:
1062 3779 1092 3818 ut
1100 3767 1192 3828 mirer,

112 3844 239 3916 XXVI:
256 3841 421 3894 «Onerariae
437 3861 561 3913 quoque,
578 3861 634 3894 non
679 3861 734 3894 non
762 3842 823 3895 dico
849 3844 1024 3903 Turnebum,
1053 3845 1188 3898 hominem

125 3923 211 3976 solnm
221 3940 279 3994 ques
291 3921 370 3974 remis
382 3934 523 3992 agerentur
534 3946 557 3973 ι.
571 3921 635 3974 Haec
679 3923 947 3993 perspicacissimum,
965 3924 1010 3977 sed
1030 3943 1189 3996 quemquam

125 4003 208 4072 igitur
220 4013 259 4054 est
272 4019 348 4054 causa
361 4000 491 4054 tarditatis
504 4001 531 4051 in
547 4001 634 4052 corbi·
679 4002 789 4054 omnino
802 4002 898 4068 iusisse,
912 4005 959 4074 qui
976 4006 1053 4057 aliter
1073 4005 1192 4076 accipere

125 4084 160 4137 tis,
174 4101 189 4138 a
204 4079 348 4152 tranquillo
363 4081 439 4134 mari.
454 4072 561 4133 Graan*
679 4083 802 4150 potuerit.
818 4083 928 4136 Munna.
