2654 4778
317 110 484 180 ACTUS
508 110 587 195 111,
611 109 781 179 SCENA
806 110 878 177 III.
1088 105 1134 179 51·

14 208 20 267 Ἰ
77 254 147 302 inv.
168 240 390 320 Hunorum,
409 236 517 327 Lyce,
532 233 574 302 ad
593 247 627 303 te
643 232 870 327 diripiendum
888 231 1096 304 adducimus.

78 366 162 414 coru.
172 365 213 418 tit·
222 378 248 405 ne
256 362 418 418 nunnus.)
428 347 513 414 Cum
531 344 643 438 praeda
660 343 716 412 hic
729 344 829 413 hodie
847 343 980 413 incedet
997 358 1135 413 venator

133 496 137 505 ·
213 453 364 524 domum.

10 608 15 651 f
77 568 174 636 Canes
193 563 388 659 conpellunt
407 565 441 633 in
460 563 574 660 plagas
593 563 705 657 lepide
725 567 862 658 Lycum.
1108 589 1134 632 ss

74 697 143 744 uro.
169 676 256 764 Quis
278 675 333 742 hic
352 675 424 744 est?
454 699 540 744 aov.
570 674 747 745 Nescimus
776 699 837 742 nos
859 675 961 743 isturn
982 674 1136 769 quidem,

210 784 269 877 qui
288 785 368 872 siet3

70 895 136 963 Nisi
158 894 288 963 dudum
309 919 330 963 a
349 895 459 980 mani,
476 908 515 962 ut
535 892 578 962 ad
595 907 730 988 portum
749 895 991 987 processimus,

67 1009 174 1096 Atque
193 1005 304 1073 istunc
322 1031 341 1073 e
361 1006 438 1072 navi
458 1019 636 1073 exeuntem
656 1004 811 1072 oneraris
1005 994 1016 1009 ⁸

65 1113 245 1200 Videmus;
264 1113 348 1182 adiit
366 1113 409 1182 ad
425 1139 487 1182 nos
506 1112 674 1207 extempio
692 1114 818 1200 oriem,

64 1222 213 1311 Salutat,
237 1224 491 1318 respondemus.
511 1249 610 1295 com.
626 1222 801 1293 Mortaleis
821 1222 942 1294 malos!
1113 1248 1141 1294 so

64 1335 111 1401 Ut
130 1334 371 1428 ingrediuntur
391 1335 489 1404 docte
504 1336 538 1403 in
559 1332 832 1428 sycophantiam!

62 1466 138 1512 erc.
156 1443 250 1543 Quid
265 1443 406 1514 deinde?
423 1469 508 1514 auv.
525 1446 722 1513 Sermonem
735 1445 910 1513 nobiscum
925 1444 973 1512 ibi
990 1443 1138 1539 copulat.

61 1553 120 1622 Ait
137 1579 173 1622 se
192 1555 407 1650 peregrinum
428 1581 497 1624 esse
516 1556 618 1649 hujus
639 1556 819 1648 inguarum
837 1554 966 1649 oppidi.

59 1663 192 1732 Iocum
215 1664 278 1732 sibi
296 1663 381 1733 velle
399 1663 542 1734 liberum
562 1666 756 1759 praeberier,

59 1772 130 1840 Ubi
151 1798 296 1866 nequam
313 1774 412 1843 faciat
431 1801 438 1844 :
457 1801 518 1844 nos
537 1776 707 1844 hominem
727 1774 769 1842 ad
788 1789 821 1843 te
837 1773 1048 1846 adduximus.
1111 1799 1138 1844 ss

60 1884 134 1965 Tu,
148 1883 176 1950 si
195 1898 229 1951 te
246 1883 431 1972 diamant,
449 1910 548 1979 agere
563 1899 657 1954 tuam
675 1910 746 1953 rem
763 1883 958 1954 obcasio’st.

59 2014 206 2067 Boxuonrs.
221 2017 312 2068 -Εἱ
323 2017 393 2068 Mars
406 2021 464 2069 iras.
476 2017 574 2088 Magno
661 2015 706 2088 39.
723 2016 855 2085 dempto
876 2019 970 2082 aises,
990 2016 1080 2070 statim
1103 2026 1135 2071 u't

60 2091 237 2148 mulctabitur
248 2095 413 2163 infortunio,
426 2097 527 2150 scilicet
537 2115 574 2148 vs.
619 2095 694 2148 exiit.

61 2170 117 2233 33,
138 2196 151 2218 s
162 2171 196 2226 ad
218 2187 243 2227 te
264 2173 445 2246 diripiendum
463 2174 574 2229 adduci·
659 2175 706 2238 45.
721 2175 840 2246 Nequam.
848 2175 914 2245 Sup.
924 2175 953 2239 1,
970 2194 996 2240 r,
1011 2175 1060 2239 31,
1073 2174 1120 2240 34.

59 2253 574 2327 mus».Marsauctormalisinesiis-itur,
659 2259 706 2319 46.
723 2255 778 2318 Tu,
794 2258 817 2306 si
835 2266 857 2306 se
878 2253 905 2305 dt
923 2266 1013 2307 amant.
1034 2255 1090 2320 Tu,
1106 2251 1129 2309 si

59 2331 137 2402 quod
152 2334 322 2404 Collybiscus
339 2337 414 2391 miles
427 2354 482 2389 esse
496 2334 573 2406 fingi-
617 2353 673 2387 non
684 2335 778 2405 babet,
789 2353 844 2404 quo
857 2334 998 2400 referatur,
1017 2353 1073 2387 nou
1091 2348 1131 2390 est

58 2424 115 2465 tur.
132 2410 291 2467 simillimus
309 2415 384 2468 locus
404 2430 444 2469 est
461 2414 572 2468 Trucul.
616 2432 728 2467 novum.
752 2415 828 2485 Saepe
847 2413 955 2466 Plautus
975 2412 1080 2467 orditur
1097 2415 1130 2469 iis

57 2490 118 2550 ῘΠ.
139 2509 164 2556 1,
188 2511 221 2546 11
238 2513 292 2566 seq.
319 2495 393 2548 «fuit
416 2496 488 2548 Mars
511 2512 572 2546 meo
616 2494 720 2546 casibus
744 2492 861 2546 nominis
887 2492 929 2544 vel
960 2495 1129 2564 pronominis

58 2570 195 2640 periratus
216 2575 301 2643 patri,
324 2575 392 2627 Nam
415 2593 478 2627 oves
501 2574 573 2625 illius
617 2573 777 2638 orationem,
795 2585 824 2625 ut
837 2571 910 2624 siiud
923 2573 1034 2626 verbum
1051 2570 1129 2628 desti-

58 2668 117 2702 non
132 2651 212 2722 longe
224 2653 347 2706 absunta
361 2655 453 2724 lupo».
469 2654 560 2706 Scuu.
617 2670 890 2724 nasscresponsurum
901 2651 1128 2725 videatur‚quam

102 2731 150 2793 34.
161 2749 203 2784 co.
218 2731 571 2802 Cumproeda.Venationem
614 2731 688 2803 quod
699 2745 788 2802 postea
801 2731 898 2785 reddit.
911 2733 944 2784 In
963 2751 1020 2802 quo
1039 2732 1128 2787 imita·

57 2827 93 2860 ex
112 2812 243 2864 sententia
261 2812 313 2864 sibi
329 2832 507 2866 successuram
521 2813 569 2878 uit,
615 2825 659 2864 tur
676 2829 825 2864 sermonem
845 2810 1049 2882 quotidianum,
1069 2832 1127 2866 non

57 2903 144 2941 serum
154 2886 285 2952 δεικτικῶς
296 2907 449 2946 venatorem
460 2893 571 2957 faciem
616 2904 670 2944 tam
683 2892 856 2962 negligenter,
873 2909 954 2961 quam
971 2891 1078 2956 subito,
1097 2905 1130 2946 ut

57 2967 571 3035 advocatos,csnes.P1sron.-1ncs·
615 2989 658 3023 res
679 2971 745 3036 fert,
766 2989 797 3023 ex
820 2981 942 3040 tempore
964 2983 990 3022 et
1016 2989 1072 3022 nou
1095 2989 1128 3024 ex

57 3048 115 3114 det,
128 3049 238 3103 redibit.
580 3059 584 3065 “
615 3063 763 3121 praeparato
778 3049 955 3120 loquentium.
975 3047 1009 3100 Id
1025 3049 1070 3102 bio
1088 3063 1128 3103 tu·

102 3129 151 3182 35.
173 3131 273 3202 lqcum.
284 3129 367 3184 Ludit
376 3130 404 3184 in
414 3147 573 3202 paronoma-
615 3147 677 3182 meu
684 3127 892 3200 haudquaquam
901 3139 955 3179 tsm
965 3124 1128 3200 durequum

59 3207 115 3269 σίας
134 3208 273 3264 sednimis
283 3211 423 3281 grecissat.
619 3207 755 3262 interdum
767 3207 841 3261 alibi.
856 3207 925 3260 Nam
945 3206 1011 3278 quid
1029 3210 1129 3280 procli·

103 3286 153 3342 36.
166 3290 231 3356 Quis
242 3292 282 3342 hic
293 3294 347 3343 est?
364 3290 423 3343 Hoc
437 3289 471 3343 de
483 3290 576 3361 colly·
619 3290 694 3353 vius,
706 3306 788 3358 quum
803 3285 872 3340 ittud
889 3299 915 3340 us
932 3286 969 3340 iu
981 3286 1127 3353 exaudire,

58 3367 137 3420 hisco
148 3366 183 3422 ad
193 3370 345 3424 advocatos.
619 3368 695 3438 quasi
710 3369 759 3432 sit,
780 3368 852 3420 Heus
868 3379 918 3419 tu:
937 3366 978 3419 sei
998 3367 1060 3420 sudi
1077 3381 1129 3422 tu:

103 3447 154 3516 37,
178 3448 231 3504 38.
245 3450 304 3503 Nat
323 3450 428 3511 dudan,
452 3462 503 3502 etc.
524 3448 576 3502 Hic
619 3449 663 3501 vel
673 3450 716 3500 Tu
728 3460 882 3500 memento:
900 3447 943 3498 vel
953 3446 998 3500 Tu
1009 3447 1090 3517 vigile
1101 3461 1129 3502 st

60 3525 132 3579 ordo
151 3540 212 3582 est:
229 3528 299 3582 nihii
320 3528 393 3602 aliud
414 3527 449 3582 de
464 3529 574 3582 homine
619 3527 683 3582 vide
704 3525 771 3598 quid
796 3544 866 3596 agas.
887 3525 950 3578 Haec
971 3527 1130 3598 interpretes

60 3606 176 3672 sci-us,
200 3609 253 3661 nisi
282 3609 357 3680 quod
381 3627 469 3679 nuper
493 3607 575 3660 hodie
617 3610 671 3678 jam
681 3606 818 3659 viderunt:
832 3607 922 3678 itaque
931 3625 990 3659 sero
1001 3620 1132 3678 apparent

60 3700 152 3753 mans,
165 3701 307 3760 postquam
322 3687 357 3742 ad
375 3701 486 3760 portum
501 3688 576 3743 veni·
620 3706 682 3741 cum
706 3706 754 3739 suo
786 3699 875 3758 rumpe
906 3685 994 3757 Papio
1021 3686 1131 3740 Glossis.

60 3769 227 3831 mus‚ststim
233 3767 575 3840 enuntiamus-Atque.
621 3767 715 3820 Gsorc
728 3798 768 3812 --
777 3765 861 3836 Agere
875 3778 941 3816 traam
951 3784 1015 3831 nvn,
1037 3767 1131 3819 utilem

62 3845 106 3899 Cf.
117 3844 215 3902 bacch.
227 3849 266 3917 11,
281 3849 309 3914 3,
324 3849 415 3913 4521.
623 3847 673 3902 tibi
684 3864 755 3913 rem,
768 3857 898 3916 quartum
909 3845 1004 3898 faeere.

961 3944 995 4025 4.
