<?xml version="1.0" encoding="UTF-8"?>
<!DOCTYPE html PUBLIC "-//W3C//DTD XHTML 1.0 Transitional//EN"
    "http://www.w3.org/TR/xhtml1/DTD/xhtml1-transitional.dtd">
<html xmlns="http://www.w3.org/1999/xhtml" xml:lang="en" lang="en">
 <head>
  <title>
</title>
<meta http-equiv="Content-Type" content="text/html;charset=utf-8" />
  <meta name='ocr-system' content='tesseract 3.04.00' />
  <meta name='ocr-capabilities' content='ocr_page ocr_carea ocr_par ocr_line ocrx_word'/>
</head>
<body>
  <div class='ocr_page' id='page_1' title='image "bibliothecaclas17lemagoog_0068.png"; bbox 0 0 2654 4778; ppageno 0'>
   <div class='ocr_carea' id='block_1_1' title="bbox 322 352 1127 490">
    <p class='ocr_par' dir='ltr' id='par_1_1' title="bbox 322 352 1127 490">
     <span class='ocr_line' id='line_1_1' title="bbox 322 352 1127 490; baseline 0.01 -38"><span class='ocrx_word' id='word_1_1' title='bbox 322 352 888 490; x_wconf 76' lang='lat' dir='ltr'><strong>acrusrn,scunnrv.</strong></span> <span class='ocrx_word' id='word_1_2' title='bbox 1081 380 1127 461; x_wconf 75' lang='lat'><strong>55</strong></span> 
     </span>
    </p>
   </div>
   <div class='ocr_carea' id='block_1_2' title="bbox 73 503 1126 935">
    <p class='ocr_par' dir='ltr' id='par_1_2' title="bbox 74 503 1126 710">
     <span class='ocr_line' id='line_1_2' title="bbox 75 503 1126 600; baseline -0.004 -22"><span class='ocrx_word' id='word_1_3' title='bbox 75 529 146 578; x_wconf 76' lang='lat' dir='ltr'><strong>inv.</strong></span> <span class='ocrx_word' id='word_1_4' title='bbox 167 504 260 594; x_wconf 87' lang='lat' dir='ltr'><strong>Quid</strong></span> <span class='ocrx_word' id='word_1_5' title='bbox 281 506 310 576; x_wconf 87' lang='lat' dir='ltr'><strong>si</strong></span> <span class='ocrx_word' id='word_1_6' title='bbox 335 531 512 577; x_wconf 84' lang='lat' dir='ltr'>evocemus</span> <span class='ocrx_word' id='word_1_7' title='bbox 534 507 601 576; x_wconf 92' lang='lat' dir='ltr'><strong>buc</strong></span> <span class='ocrx_word' id='word_1_8' title='bbox 624 504 711 577; x_wconf 81' lang='lat' dir='ltr'><strong>foras</strong></span> <span class='ocrx_word' id='word_1_9' title='bbox 732 503 1003 600; x_wconf 75' lang='lat' dir='ltr'><strong>Agorastoclem,</strong></span> <span class='ocrx_word' id='word_1_10' title='bbox 1075 521 1126 589; x_wconf 75' lang='lat'><strong>‘25</strong></span> 
     </span>
     <span class='ocr_line' id='line_1_3' title="bbox 74 615 706 710; baseline -0.005 -22"><span class='ocrx_word' id='word_1_11' title='bbox 74 621 112 688; x_wconf 91' lang='lat' dir='ltr'><strong>Ut</strong></span> <span class='ocrx_word' id='word_1_12' title='bbox 126 617 195 710; x_wconf 90' lang='lat' dir='ltr'><strong>ipse</strong></span> <span class='ocrx_word' id='word_1_13' title='bbox 214 618 306 686; x_wconf 78' lang='lat' dir='ltr'><strong>testis</strong></span> <span class='ocrx_word' id='word_1_14' title='bbox 326 619 369 687; x_wconf 87' lang='lat' dir='ltr'><strong>sit</strong></span> <span class='ocrx_word' id='word_1_15' title='bbox 385 618 448 687; x_wconf 88' lang='lat' dir='ltr'><strong>sihi</strong></span> <span class='ocrx_word' id='word_1_16' title='bbox 471 615 706 688; x_wconf 82' lang='lat' dir='ltr'>certissumus?</span> 
     </span>
    </p>

    <p class='ocr_par' dir='ltr' id='par_1_3' title="bbox 74 724 904 824">
     <span class='ocr_line' id='line_1_4' title="bbox 74 724 904 824; baseline 0.001 -28"><span class='ocrx_word' id='word_1_17' title='bbox 74 732 152 797; x_wconf 88' lang='lat' dir='ltr'><strong>Heus</strong></span> <span class='ocrx_word' id='word_1_18' title='bbox 171 724 226 797; x_wconf 88' lang='lat' dir='ltr'><strong>tul</strong></span> <span class='ocrx_word' id='word_1_19' title='bbox 249 730 307 822; x_wconf 91' lang='lat' dir='ltr'><strong>qui</strong></span> <span class='ocrx_word' id='word_1_20' title='bbox 323 728 434 801; x_wconf 79' lang='lat' dir='ltr'><strong>furem</strong></span> <span class='ocrx_word' id='word_1_21' title='bbox 455 745 592 824; x_wconf 86' lang='lat' dir='ltr'><strong>captas,</strong></span> <span class='ocrx_word' id='word_1_22' title='bbox 610 728 768 823; x_wconf 79' lang='lat' dir='ltr'><strong>egredere</strong></span> <span class='ocrx_word' id='word_1_23' title='bbox 790 728 904 816; x_wconf 84' lang='lat' dir='ltr'><strong>ocius,</strong></span> 
     </span>
    </p>

    <p class='ocr_par' dir='ltr' id='par_1_4' title="bbox 73 838 777 935">
     <span class='ocr_line' id='line_1_5' title="bbox 73 838 777 935; baseline 0.003 -29"><span class='ocrx_word' id='word_1_24' title='bbox 73 841 112 907; x_wconf 88' lang='lat' dir='ltr'><strong>Ut</strong></span> <span class='ocrx_word' id='word_1_25' title='bbox 127 852 197 907; x_wconf 88' lang='lat' dir='ltr'><strong>tute</strong></span> <span class='ocrx_word' id='word_1_26' title='bbox 214 839 379 935; x_wconf 79' lang='lat' dir='ltr'><strong>inspectes</strong></span> <span class='ocrx_word' id='word_1_27' title='bbox 403 865 524 911; x_wconf 89' lang='lat' dir='ltr'><strong>aurum</strong></span> <span class='ocrx_word' id='word_1_28' title='bbox 546 838 661 912; x_wconf 89' lang='lat' dir='ltr'><strong>lenoni</strong></span> <span class='ocrx_word' id='word_1_29' title='bbox 687 841 777 911; x_wconf 90' lang='lat' dir='ltr'><strong>dare.</strong></span> 
     </span>
    </p>
   </div>
   <div class='ocr_carea' id='block_1_3' title="bbox 318 1060 871 1176">
    <p class='ocr_par' dir='ltr' id='par_1_5' title="bbox 318 1060 871 1176">
     <span class='ocr_line' id='line_1_6' title="bbox 318 1060 871 1176; baseline -0.004 -28"><span class='ocrx_word' id='word_1_30' title='bbox 318 1060 540 1152; x_wconf 74' lang='lat' dir='ltr'><strong>senua</strong></span> <span class='ocrx_word' id='word_1_31' title='bbox 571 1061 871 1176; x_wconf 71' lang='lat' dir='ltr'><strong>Qunam..</strong></span> 
     </span>
    </p>
   </div>
   <div class='ocr_carea' id='block_1_4' title="bbox 84 1306 1106 1504">
    <p class='ocr_par' dir='ltr' id='par_1_6' title="bbox 84 1306 1106 1504">
     <span class='ocr_line' id='line_1_7' title="bbox 84 1306 1106 1396; baseline 0.002 -21"><span class='ocrx_word' id='word_1_32' title='bbox 84 1307 459 1396; x_wconf 78' lang='lat' dir='ltr'>AGORASTOCLES,</span> <span class='ocrx_word' id='word_1_33' title='bbox 484 1311 745 1394; x_wconf 81' lang='lat' dir='ltr'>ADVOCATI‚</span> <span class='ocrx_word' id='word_1_34' title='bbox 777 1306 1106 1393; x_wconf 87' lang='lat' dir='ltr'>COLLYBISCUS‚</span> 
     </span>
     <span class='ocr_line' id='line_1_8' title="bbox 513 1435 676 1504; baseline 0 -2"><span class='ocrx_word' id='word_1_35' title='bbox 513 1435 676 1504; x_wconf 87' lang='lat' dir='ltr'><strong>LYCUS.</strong></span> 
     </span>
    </p>
   </div>
   <div class='ocr_carea' id='block_1_5' title="bbox 55 1623 1132 3039">
    <p class='ocr_par' dir='ltr' id='par_1_7' title="bbox 62 1623 1132 1808">
     <span class='ocr_line' id='line_1_9' title="bbox 62 1623 1132 1721; baseline 0.001 -28"><span class='ocrx_word' id='word_1_36' title='bbox 62 1647 167 1721; x_wconf 77' lang='lat' dir='ltr'><strong>scon.</strong></span> <span class='ocrx_word' id='word_1_37' title='bbox 204 1624 301 1714; x_wconf 88' lang='lat' dir='ltr'><strong>Quid</strong></span> <span class='ocrx_word' id='word_1_38' title='bbox 329 1626 404 1696; x_wconf 82' lang='lat' dir='ltr'><strong>est?</strong></span> <span class='ocrx_word' id='word_1_39' title='bbox 421 1627 504 1721; x_wconf 91' lang='lat' dir='ltr'><strong>quid</strong></span> <span class='ocrx_word' id='word_1_40' title='bbox 523 1626 642 1715; x_wconf 80' lang='lat' dir='ltr'><strong>voltis,</strong></span> <span class='ocrx_word' id='word_1_41' title='bbox 661 1627 795 1699; x_wconf 75' lang='lat' dir='ltr'><strong>testeis?</strong></span> <span class='ocrx_word' id='word_1_42' title='bbox 826 1651 914 1697; x_wconf 76' lang='lat' dir='ltr'><strong>aur.</strong></span> <span class='ocrx_word' id='word_1_43' title='bbox 942 1629 1064 1721; x_wconf 85' lang='lat' dir='ltr'><strong>Specta</strong></span> <span class='ocrx_word' id='word_1_44' title='bbox 1088 1623 1132 1694; x_wconf 89' lang='lat' dir='ltr'><strong>ad</strong></span> 
     </span>
     <span class='ocr_line' id='line_1_10' title="bbox 204 1735 390 1808; baseline 0.016 -3"><span class='ocrx_word' id='word_1_45' title='bbox 204 1735 390 1808; x_wconf 87' lang='lat' dir='ltr'><strong>dexteram.</strong></span> 
     </span>
    </p>

    <p class='ocr_par' dir='ltr' id='par_1_8' title="bbox 57 1847 760 1941">
     <span class='ocr_line' id='line_1_11' title="bbox 57 1847 760 1941; baseline 0.001 -26"><span class='ocrx_word' id='word_1_46' title='bbox 57 1849 146 1915; x_wconf 89' lang='lat' dir='ltr'><strong>Tuos</strong></span> <span class='ocrx_word' id='word_1_47' title='bbox 167 1870 281 1915; x_wconf 85' lang='lat' dir='ltr'><strong>servos</strong></span> <span class='ocrx_word' id='word_1_48' title='bbox 301 1872 422 1916; x_wconf 85' lang='lat' dir='ltr'><strong>aurum</strong></span> <span class='ocrx_word' id='word_1_49' title='bbox 439 1848 502 1941; x_wconf 92' lang='lat' dir='ltr'><strong>ipsi</strong></span> <span class='ocrx_word' id='word_1_50' title='bbox 525 1847 639 1917; x_wconf 90' lang='lat' dir='ltr'><strong>lenoni</strong></span> <span class='ocrx_word' id='word_1_51' title='bbox 658 1847 760 1916; x_wconf 87' lang='lat' dir='ltr'><strong>datat.</strong></span> 
     </span>
    </p>

    <p class='ocr_par' dir='ltr' id='par_1_9' title="bbox 57 1956 1082 2050">
     <span class='ocr_line' id='line_1_12' title="bbox 57 1956 1082 2050; baseline -0.001 -26"><span class='ocrx_word' id='word_1_52' title='bbox 57 1978 154 2024; x_wconf 70' lang='lat' dir='ltr'><strong>corn.</strong></span> <span class='ocrx_word' id='word_1_53' title='bbox 175 1959 260 2050; x_wconf 81' lang='lat' dir='ltr'><strong>Age,</strong></span> <span class='ocrx_word' id='word_1_54' title='bbox 280 1956 398 2050; x_wconf 90' lang='lat' dir='ltr'><strong>adcipe</strong></span> <span class='ocrx_word' id='word_1_55' title='bbox 418 1956 497 2042; x_wconf 87' lang='lat' dir='ltr'><strong>hoc,</strong></span> <span class='ocrx_word' id='word_1_56' title='bbox 522 1959 565 2027; x_wconf 89' lang='lat' dir='ltr'><strong>sis</strong></span> <span class='ocrx_word' id='word_1_57' title='bbox 582 1985 594 2027; x_wconf 71' lang='grc' dir='ltr'><strong><em>ε</em></strong></span> <span class='ocrx_word' id='word_1_58' title='bbox 612 1958 685 2026; x_wconf 90' lang='lat' dir='ltr'><strong>heic</strong></span> <span class='ocrx_word' id='word_1_59' title='bbox 706 1970 783 2026; x_wconf 90' lang='lat' dir='ltr'><strong>sunt</strong></span> <span class='ocrx_word' id='word_1_60' title='bbox 800 1957 967 2025; x_wconf 75' lang='lat' dir='ltr'><strong>numerati</strong></span> <span class='ocrx_word' id='word_1_61' title='bbox 989 1956 1082 2024; x_wconf 88' lang='lat' dir='ltr'><strong>aurei</strong></span> 
     </span>
    </p>

    <p class='ocr_par' dir='ltr' id='par_1_10' title="bbox 56 2066 792 2162">
     <span class='ocr_line' id='line_1_13' title="bbox 56 2066 792 2162; baseline 0.004 -28"><span class='ocrx_word' id='word_1_62' title='bbox 56 2068 211 2135; x_wconf 82' lang='lat' dir='ltr'><strong>Trecenti</strong></span> <span class='ocrx_word' id='word_1_63' title='bbox 230 2067 339 2154; x_wconf 90' lang='lat' dir='ltr'><strong>numi,</strong></span> <span class='ocrx_word' id='word_1_64' title='bbox 359 2068 417 2161; x_wconf 91' lang='lat' dir='ltr'><strong>qui</strong></span> <span class='ocrx_word' id='word_1_65' title='bbox 436 2083 601 2137; x_wconf 88' lang='lat' dir='ltr'><strong>vocantur</strong></span> <span class='ocrx_word' id='word_1_66' title='bbox 616 2066 792 2162; x_wconf 84' lang='lat' dir='ltr'><strong>Philippei.</strong></span> 
     </span>
    </p>

    <p class='ocr_par' dir='ltr' id='par_1_11' title="bbox 55 2175 1130 2274">
     <span class='ocr_line' id='line_1_14' title="bbox 55 2175 1130 2274; baseline -0.001 -28"><span class='ocrx_word' id='word_1_67' title='bbox 55 2179 142 2248; x_wconf 89' lang='lat' dir='ltr'><strong>Hinc</strong></span> <span class='ocrx_word' id='word_1_68' title='bbox 164 2203 220 2246; x_wconf 92' lang='lat' dir='ltr'><strong>me</strong></span> <span class='ocrx_word' id='word_1_69' title='bbox 241 2203 408 2272; x_wconf 84' lang='lat' dir='ltr'><strong>procura,</strong></span> <span class='ocrx_word' id='word_1_70' title='bbox 429 2206 571 2274; x_wconf 88' lang='lat' dir='ltr'><strong>propere</strong></span> <span class='ocrx_word' id='word_1_71' title='bbox 593 2180 691 2249; x_wconf 88' lang='lat' dir='ltr'><strong>hosce</strong></span> <span class='ocrx_word' id='word_1_72' title='bbox 709 2179 839 2247; x_wconf 88' lang='lat' dir='ltr'><strong>absumi</strong></span> <span class='ocrx_word' id='word_1_73' title='bbox 861 2175 952 2246; x_wconf 89' lang='lat' dir='ltr'><strong>volo.</strong></span> <span class='ocrx_word' id='word_1_74' title='bbox 1059 2214 1062 2219; x_wconf 96' lang='lat'>·</span> <span class='ocrx_word' id='word_1_75' title='bbox 1118 2195 1130 2235; x_wconf 80' lang='lat'>⁵</span> 
     </span>
    </p>

    <p class='ocr_par' dir='ltr' id='par_1_12' title="bbox 56 2287 899 2386">
     <span class='ocr_line' id='line_1_15' title="bbox 56 2287 899 2386; baseline -0.001 -30"><span class='ocrx_word' id='word_1_76' title='bbox 56 2312 132 2357; x_wconf 81' lang='lat' dir='ltr'><strong>nro.</strong></span> <span class='ocrx_word' id='word_1_77' title='bbox 155 2287 310 2382; x_wconf 89' lang='lat' dir='ltr'><strong>Edepol,</strong></span> <span class='ocrx_word' id='word_1_78' title='bbox 330 2288 438 2358; x_wconf 89' lang='lat' dir='ltr'><strong>fecisti</strong></span> <span class='ocrx_word' id='word_1_79' title='bbox 455 2291 635 2386; x_wconf 90' lang='lat' dir='ltr'><strong>prodigum</strong></span> <span class='ocrx_word' id='word_1_80' title='bbox 653 2314 807 2383; x_wconf 93' lang='lat' dir='ltr'><strong>promum</strong></span> <span class='ocrx_word' id='word_1_81' title='bbox 827 2288 899 2356; x_wconf 87' lang='lat' dir='ltr'><strong>tibi.</strong></span> 
     </span>
    </p>

    <p class='ocr_par' dir='ltr' id='par_1_13' title="bbox 56 2393 1128 2494">
     <span class='ocr_line' id='line_1_16' title="bbox 56 2393 1128 2494; baseline 0.001 -29"><span class='ocrx_word' id='word_1_82' title='bbox 56 2399 139 2490; x_wconf 81' lang='lat' dir='ltr'><strong>Age,</strong></span> <span class='ocrx_word' id='word_1_83' title='bbox 153 2422 271 2466; x_wconf 85' lang='lat' dir='ltr'><strong>eamus</strong></span> <span class='ocrx_word' id='word_1_84' title='bbox 285 2398 385 2466; x_wconf 85' lang='lat' dir='ltr'><strong>iutro.</strong></span> <span class='ocrx_word' id='word_1_85' title='bbox 402 2404 558 2469; x_wconf 78' lang='lat' dir='ltr'><strong>conr..Te</strong></span> <span class='ocrx_word' id='word_1_86' title='bbox 570 2426 701 2494; x_wconf 88' lang='lat' dir='ltr'><strong>sequor.</strong></span> <span class='ocrx_word' id='word_1_87' title='bbox 712 2423 788 2469; x_wconf 76' lang='lat' dir='ltr'><strong>nnc.</strong></span> <span class='ocrx_word' id='word_1_88' title='bbox 803 2404 884 2492; x_wconf 83' lang='lat' dir='ltr'><strong>Age,</strong></span> <span class='ocrx_word' id='word_1_89' title='bbox 894 2393 1128 2492; x_wconf 79' lang='lat' dir='ltr'><strong>age‚ambula;</strong></span> 
     </span>
    </p>

    <p class='ocr_par' dir='ltr' id='par_1_14' title="bbox 56 2506 661 2603">
     <span class='ocr_line' id='line_1_17' title="bbox 56 2506 661 2603; baseline 0.003 -27"><span class='ocrx_word' id='word_1_90' title='bbox 56 2506 175 2600; x_wconf 90' lang='lat' dir='ltr'><strong>lbique</strong></span> <span class='ocrx_word' id='word_1_91' title='bbox 195 2507 321 2603; x_wconf 88' lang='lat' dir='ltr'><strong>reliqua</strong></span> <span class='ocrx_word' id='word_1_92' title='bbox 341 2508 404 2577; x_wconf 86' lang='lat' dir='ltr'><strong>alia</strong></span> <span class='ocrx_word' id='word_1_93' title='bbox 424 2509 661 2579; x_wconf 87' lang='lat' dir='ltr'><strong>fabulabimur.</strong></span> 
     </span>
    </p>

    <p class='ocr_par' dir='ltr' id='par_1_15' title="bbox 55 2618 878 2715">
     <span class='ocr_line' id='line_1_18' title="bbox 55 2618 878 2715; baseline -0.002 -27"><span class='ocrx_word' id='word_1_94' title='bbox 55 2643 155 2688; x_wconf 77' lang='lat' dir='ltr'><strong>conr..</strong></span> <span class='ocrx_word' id='word_1_95' title='bbox 177 2618 306 2686; x_wconf 86' lang='lat' dir='ltr'><strong>Eadem</strong></span> <span class='ocrx_word' id='word_1_96' title='bbox 325 2620 468 2696; x_wconf 81' lang='lat' dir='ltr'><strong>narrabo</strong></span> <span class='ocrx_word' id='word_1_97' title='bbox 495 2623 556 2689; x_wconf 91' lang='lat' dir='ltr'><strong>tibi</strong></span> <span class='ocrx_word' id='word_1_98' title='bbox 579 2647 630 2690; x_wconf 91' lang='lat' dir='ltr'><strong>res</strong></span> <span class='ocrx_word' id='word_1_99' title='bbox 651 2620 878 2715; x_wconf 85' lang='lat' dir='ltr'><strong>Spartiaticas.</strong></span> 
     </span>
    </p>

    <p class='ocr_par' dir='ltr' id='par_1_16' title="bbox 57 2722 1130 2910">
     <span class='ocr_line' id='line_1_19' title="bbox 57 2722 1130 2828; baseline -0.006 -31"><span class='ocrx_word' id='word_1_100' title='bbox 57 2752 131 2798; x_wconf 79' lang='lat' dir='ltr'><strong>uro.</strong></span> <span class='ocrx_word' id='word_1_101' title='bbox 167 2729 262 2816; x_wconf 91' lang='lat' dir='ltr'><strong>Quin</strong></span> <span class='ocrx_word' id='word_1_102' title='bbox 288 2754 498 2824; x_wconf 87' lang='lat' dir='ltr'><strong>sequererne</strong></span> <span class='ocrx_word' id='word_1_103' title='bbox 522 2755 614 2828; x_wconf 75' lang='lat' dir='ltr'><strong>ergo,</strong></span> <span class='ocrx_word' id='word_1_104' title='bbox 641 2755 742 2801; x_wconf 73' lang='lat' dir='ltr'><strong>corn.</strong></span> <span class='ocrx_word' id='word_1_105' title='bbox 774 2728 894 2797; x_wconf 84' lang='lat' dir='ltr'><strong>Abduc</strong></span> <span class='ocrx_word' id='word_1_106' title='bbox 919 2727 1009 2794; x_wconf 87' lang='lat' dir='ltr'><strong>intro</strong></span> <span class='ocrx_word' id='word_1_107' title='bbox 1032 2751 1040 2793; x_wconf 76' lang='grc' dir='ltr'><strong><em>ε</em></strong></span> <span class='ocrx_word' id='word_1_108' title='bbox 1067 2722 1130 2792; x_wconf 87' lang='lat' dir='ltr'><strong>ad·</strong></span> 
     </span>
     <span class='ocr_line' id='line_1_20' title="bbox 204 2838 458 2910; baseline 0.02 -5"><span class='ocrx_word' id='word_1_109' title='bbox 204 2838 331 2907; x_wconf 91' lang='lat' dir='ltr'><strong>dictum</strong></span> <span class='ocrx_word' id='word_1_110' title='bbox 355 2855 458 2910; x_wconf 88' lang='lat' dir='ltr'><strong>tenes.</strong></span> 
     </span>
    </p>

    <p class='ocr_par' dir='ltr' id='par_1_17' title="bbox 60 2944 1127 3039">
     <span class='ocr_line' id='line_1_21' title="bbox 60 2944 1127 3039; baseline -0.003 -23"><span class='ocrx_word' id='word_1_111' title='bbox 60 2970 166 3018; x_wconf 74' lang='lat' dir='ltr'><strong>Acon.</strong></span> <span class='ocrx_word' id='word_1_112' title='bbox 183 2948 277 3035; x_wconf 87' lang='lat' dir='ltr'><strong>Quid</strong></span> <span class='ocrx_word' id='word_1_113' title='bbox 298 2974 389 3016; x_wconf 90' lang='lat' dir='ltr'><strong>nunc</strong></span> <span class='ocrx_word' id='word_1_114' title='bbox 404 2950 488 3018; x_wconf 90' lang='lat' dir='ltr'><strong>mihi</strong></span> <span class='ocrx_word' id='word_1_115' title='bbox 507 2967 659 3020; x_wconf 77' lang='lat' dir='ltr'><strong>auctores</strong></span> <span class='ocrx_word' id='word_1_116' title='bbox 678 2950 777 3019; x_wconf 81' lang='lat' dir='ltr'><strong>estis?</strong></span> <span class='ocrx_word' id='word_1_117' title='bbox 793 2974 873 3019; x_wconf 70' lang='lat' dir='ltr'><strong>nov.</strong></span> <span class='ocrx_word' id='word_1_118' title='bbox 892 2950 939 3016; x_wconf 87' lang='lat' dir='ltr'><strong>Ut</strong></span> <span class='ocrx_word' id='word_1_119' title='bbox 952 2944 1040 3039; x_wconf 82' lang='lat' dir='ltr'><strong>frugi</strong></span> <span class='ocrx_word' id='word_1_120' title='bbox 1053 2944 1127 3013; x_wconf 86' lang='lat' dir='ltr'><strong>sies.</strong></span> 
     </span>
    </p>
   </div>
   <div class='ocr_carea' id='block_1_6' title="bbox 59 3061 1128 3491">
    <p class='ocr_par' dir='ltr' id='par_1_18' title="bbox 59 3061 1128 3491">
     <span class='ocr_line' id='line_1_22' title="bbox 59 3061 1113 3149; baseline -0.001 -19"><span class='ocrx_word' id='word_1_121' title='bbox 59 3086 164 3131; x_wconf 80' lang='lat' dir='ltr'><strong>acon.</strong></span> <span class='ocrx_word' id='word_1_122' title='bbox 179 3062 273 3149; x_wconf 88' lang='lat' dir='ltr'><strong>Quid</strong></span> <span class='ocrx_word' id='word_1_123' title='bbox 289 3065 315 3130; x_wconf 91' lang='lat' dir='ltr'><strong>si</strong></span> <span class='ocrx_word' id='word_1_124' title='bbox 333 3064 463 3133; x_wconf 89' lang='lat' dir='ltr'><strong>animus</strong></span> <span class='ocrx_word' id='word_1_125' title='bbox 477 3090 547 3134; x_wconf 89' lang='lat' dir='ltr'><strong>esse</strong></span> <span class='ocrx_word' id='word_1_126' title='bbox 563 3092 631 3133; x_wconf 88' lang='lat' dir='ltr'><strong>non</strong></span> <span class='ocrx_word' id='word_1_127' title='bbox 645 3066 745 3134; x_wconf 83' lang='lat' dir='ltr'><strong>sinit?</strong></span> <span class='ocrx_word' id='word_1_128' title='bbox 762 3090 846 3134; x_wconf 77' lang='lat' dir='ltr'><strong>anv.</strong></span> <span class='ocrx_word' id='word_1_129' title='bbox 860 3066 956 3144; x_wconf 86' lang='lat' dir='ltr'><strong>Esto,</strong></span> <span class='ocrx_word' id='word_1_130' title='bbox 970 3076 1008 3131; x_wconf 81' lang='lat' dir='ltr'><strong>ut</strong></span> <span class='ocrx_word' id='word_1_131' title='bbox 1023 3061 1113 3129; x_wconf 89' lang='lat' dir='ltr'><strong>sinit.</strong></span> 
     </span>
     <span class='ocr_line' id='line_1_23' title="bbox 60 3171 1127 3269; baseline 0 -29"><span class='ocrx_word' id='word_1_132' title='bbox 60 3195 164 3241; x_wconf 79' lang='lat' dir='ltr'><strong>acon.</strong></span> <span class='ocrx_word' id='word_1_133' title='bbox 174 3171 332 3258; x_wconf 89' lang='lat' dir='ltr'><strong>Vidistis,</strong></span> <span class='ocrx_word' id='word_1_134' title='bbox 349 3171 426 3242; x_wconf 91' lang='lat' dir='ltr'><strong>leno</strong></span> <span class='ocrx_word' id='word_1_135' title='bbox 445 3202 547 3269; x_wconf 91' lang='lat' dir='ltr'><strong>quom</strong></span> <span class='ocrx_word' id='word_1_136' title='bbox 567 3202 687 3245; x_wconf 86' lang='lat' dir='ltr'><strong>aurum</strong></span> <span class='ocrx_word' id='word_1_137' title='bbox 703 3175 852 3269; x_wconf 82' lang='lat' dir='ltr'><strong>adcepit?</strong></span> <span class='ocrx_word' id='word_1_138' title='bbox 863 3199 946 3243; x_wconf 69' lang='lat' dir='ltr'><strong>inv.</strong></span> <span class='ocrx_word' id='word_1_139' title='bbox 962 3172 1127 3240; x_wconf 87' lang='lat' dir='ltr'><strong>Vidimus.</strong></span> 
     </span>
     <span class='ocr_line' id='line_1_24' title="bbox 63 3282 1109 3356; baseline -0.002 -7"><span class='ocrx_word' id='word_1_140' title='bbox 63 3306 161 3350; x_wconf 75' lang='lat' dir='ltr'><strong>icon.</strong></span> <span class='ocrx_word' id='word_1_141' title='bbox 177 3286 265 3350; x_wconf 90' lang='lat' dir='ltr'><strong>Eum</strong></span> <span class='ocrx_word' id='word_1_142' title='bbox 280 3308 339 3351; x_wconf 88' lang='lat' dir='ltr'><strong>vos</strong></span> <span class='ocrx_word' id='word_1_143' title='bbox 353 3309 422 3352; x_wconf 83' lang='lat' dir='ltr'><strong>esse</strong></span> <span class='ocrx_word' id='word_1_144' title='bbox 435 3312 547 3354; x_wconf 86' lang='lat' dir='ltr'><strong>meum</strong></span> <span class='ocrx_word' id='word_1_145' title='bbox 562 3312 691 3355; x_wconf 81' lang='lat' dir='ltr'><strong>servom</strong></span> <span class='ocrx_word' id='word_1_146' title='bbox 708 3286 818 3356; x_wconf 73' lang='lat' dir='ltr'><strong>scitis?</strong></span> <span class='ocrx_word' id='word_1_147' title='bbox 838 3310 921 3354; x_wconf 76' lang='lat' dir='ltr'><strong>aur.</strong></span> <span class='ocrx_word' id='word_1_148' title='bbox 935 3282 1109 3352; x_wconf 88' lang='lat' dir='ltr'><strong>Scivimus.</strong></span> 
     </span>
     <span class='ocr_line' id='line_1_25' title="bbox 63 3388 1128 3491; baseline -0.003 -29"><span class='ocrx_word' id='word_1_149' title='bbox 63 3388 164 3462; x_wconf 73' lang='lat' dir='ltr'><strong>acon.</strong></span> <span class='ocrx_word' id='word_1_150' title='bbox 180 3397 264 3462; x_wconf 89' lang='lat' dir='ltr'><strong>Rem</strong></span> <span class='ocrx_word' id='word_1_151' title='bbox 282 3391 442 3463; x_wconf 86' lang='lat' dir='ltr'><strong>advorsus</strong></span> <span class='ocrx_word' id='word_1_152' title='bbox 455 3395 572 3491; x_wconf 89' lang='lat' dir='ltr'><strong>populi</strong></span> <span class='ocrx_word' id='word_1_153' title='bbox 588 3423 674 3490; x_wconf 78' lang='lat' dir='ltr'><strong>saepe</strong></span> <span class='ocrx_word' id='word_1_154' title='bbox 688 3396 801 3491; x_wconf 78' lang='lat' dir='ltr'><strong>leges?</strong></span> <span class='ocrx_word' id='word_1_155' title='bbox 813 3421 896 3465; x_wconf 79' lang='lat' dir='ltr'><strong>ADV.</strong></span> <span class='ocrx_word' id='word_1_156' title='bbox 911 3393 1086 3464; x_wconf 85' lang='lat' dir='ltr'><strong>Scivimus.</strong></span> <span class='ocrx_word' id='word_1_157' title='bbox 1104 3410 1128 3451; x_wconf 75' lang='lat'><strong>1⁵</strong></span> 
     </span>
    </p>
   </div>
   <div class='ocr_carea' id='block_1_7' title="bbox 62 3557 1133 4192">
    <p class='ocr_par' dir='ltr' id='par_1_19' title="bbox 62 3557 1133 4192">
     <span class='ocr_line' id='line_1_26' title="bbox 99 3557 1095 3630; baseline 0 -20"><span class='ocrx_word' id='word_1_158' title='bbox 99 3578 144 3628; x_wconf 89' lang='lat'><strong>97.</strong></span> <span class='ocrx_word' id='word_1_159' title='bbox 160 3557 262 3629; x_wconf 82' lang='lat' dir='ltr'><strong>Captus.</strong></span> <span class='ocrx_word' id='word_1_160' title='bbox 278 3559 344 3630; x_wconf 89' lang='lat' dir='ltr'><strong>Snp.</strong></span> <span class='ocrx_word' id='word_1_161' title='bbox 359 3562 387 3626; x_wconf 91' lang='lat'><strong>1,</strong></span> <span class='ocrx_word' id='word_1_162' title='bbox 401 3581 428 3626; x_wconf 85' lang='lat' dir='ltr'><strong>a,</strong></span> <span class='ocrx_word' id='word_1_163' title='bbox 442 3566 487 3615; x_wconf 86' lang='lat'><strong>60.</strong></span> <span class='ocrx_word' id='word_1_164' title='bbox 657 3582 699 3616; x_wconf 82' lang='lat' dir='ltr'><strong>ra.</strong></span> <span class='ocrx_word' id='word_1_165' title='bbox 711 3564 823 3615; x_wconf 79' lang='lat' dir='ltr'><strong>Animus.</strong></span> <span class='ocrx_word' id='word_1_166' title='bbox 834 3561 931 3615; x_wconf 84' lang='lat' dir='ltr'><strong>Bacch.</strong></span> <span class='ocrx_word' id='word_1_167' title='bbox 944 3561 995 3622; x_wconf 88' lang='lat'>111,</span> <span class='ocrx_word' id='word_1_168' title='bbox 1007 3558 1034 3624; x_wconf 86' lang='grc'><strong>3,</strong></span> <span class='ocrx_word' id='word_1_169' title='bbox 1051 3577 1095 3612; x_wconf 82' lang='lat'><strong>12.</strong></span> 
     </span>
     <span class='ocr_line' id='line_1_27' title="bbox 101 3639 1129 3714; baseline 0.003 -25"><span class='ocrx_word' id='word_1_170' title='bbox 101 3658 126 3691; x_wconf 79' lang='lat' dir='ltr'><strong>a.</strong></span> <span class='ocrx_word' id='word_1_171' title='bbox 142 3639 166 3690; x_wconf 92' lang='lat' dir='ltr'><strong><em>T</em></strong></span> <span class='ocrx_word' id='word_1_172' title='bbox 165 3659 207 3691; x_wconf 85' lang='lat' dir='ltr'><strong>uos</strong></span> <span class='ocrx_word' id='word_1_173' title='bbox 221 3660 308 3693; x_wconf 81' lang='lat' dir='ltr'><strong>servos.</strong></span> <span class='ocrx_word' id='word_1_174' title='bbox 318 3639 384 3692; x_wconf 87' lang='lat' dir='ltr'><strong>Vid.</strong></span> <span class='ocrx_word' id='word_1_175' title='bbox 397 3642 474 3694; x_wconf 78' lang='lat' dir='ltr'><strong>Praei.</strong></span> <span class='ocrx_word' id='word_1_176' title='bbox 488 3643 569 3714; x_wconf 91' lang='lat' dir='ltr'><strong>prim.</strong></span> <span class='ocrx_word' id='word_1_177' title='bbox 658 3644 703 3697; x_wconf 88' lang='lat'><strong>15.</strong></span> <span class='ocrx_word' id='word_1_178' title='bbox 717 3643 808 3714; x_wconf 83' lang='lat' dir='ltr'><strong>Populi</strong></span> <span class='ocrx_word' id='word_1_179' title='bbox 820 3663 882 3711; x_wconf 75' lang='lat' dir='ltr'><strong>supe</strong></span> <span class='ocrx_word' id='word_1_180' title='bbox 894 3643 966 3710; x_wconf 77' lang='lat' dir='ltr'><strong>leges.</strong></span> <span class='ocrx_word' id='word_1_181' title='bbox 982 3640 1045 3692; x_wconf 90' lang='lat' dir='ltr'><strong>Non</strong></span> <span class='ocrx_word' id='word_1_182' title='bbox 1060 3657 1129 3710; x_wconf 87' lang='lat' dir='ltr'><strong>opus</strong></span> 
     </span>
     <span class='ocr_line' id='line_1_28' title="bbox 63 3718 1124 3788; baseline 0.002 -18"><span class='ocrx_word' id='word_1_183' title='bbox 63 3719 160 3771; x_wconf 83' lang='lat' dir='ltr'><strong>volum.</strong></span> <span class='ocrx_word' id='word_1_184' title='bbox 170 3738 263 3788; x_wconf 85' lang='lat' dir='ltr'><strong>p.v11‚</strong></span> <span class='ocrx_word' id='word_1_185' title='bbox 281 3732 339 3772; x_wconf 87' lang='lat' dir='ltr'><strong>not.</strong></span> <span class='ocrx_word' id='word_1_186' title='bbox 355 3741 380 3772; x_wconf 67' lang='grc' dir='ltr'><strong>α.</strong></span> <span class='ocrx_word' id='word_1_187' title='bbox 394 3721 428 3774; x_wconf 87' lang='lat' dir='ltr'><strong>N.</strong></span> <span class='ocrx_word' id='word_1_188' title='bbox 615 3723 665 3775; x_wconf 87' lang='lat' dir='ltr'><strong>alia</strong></span> <span class='ocrx_word' id='word_1_189' title='bbox 678 3723 845 3775; x_wconf 87' lang='lat' dir='ltr'><strong>correctione</strong></span> <span class='ocrx_word' id='word_1_190' title='bbox 858 3722 902 3773; x_wconf 91' lang='lat' dir='ltr'><strong>hic</strong></span> <span class='ocrx_word' id='word_1_191' title='bbox 920 3738 1012 3772; x_wconf 83' lang='lat' dir='ltr'><strong>versus</strong></span> <span class='ocrx_word' id='word_1_192' title='bbox 1030 3718 1124 3784; x_wconf 83' lang='lat' dir='ltr'><strong>habet,</strong></span> 
     </span>
     <span class='ocr_line' id='line_1_29' title="bbox 100 3796 1130 3869; baseline -0.001 -18"><span class='ocrx_word' id='word_1_193' title='bbox 100 3799 124 3851; x_wconf 89' lang='lat'><strong>5.</strong></span> <span class='ocrx_word' id='word_1_194' title='bbox 138 3800 220 3863; x_wconf 80' lang='lat' dir='ltr'><strong>Hinc,</strong></span> <span class='ocrx_word' id='word_1_195' title='bbox 233 3798 330 3852; x_wconf 90' lang='lat' dir='ltr'><strong>horum</strong></span> <span class='ocrx_word' id='word_1_196' title='bbox 346 3813 445 3853; x_wconf 87' lang='lat' dir='ltr'><strong>sumtu.</strong></span> <span class='ocrx_word' id='word_1_197' title='bbox 616 3802 662 3856; x_wconf 89' lang='lat' dir='ltr'><strong>sed</strong></span> <span class='ocrx_word' id='word_1_198' title='bbox 671 3803 751 3855; x_wconf 87' lang='lat' dir='ltr'><strong>lectio</strong></span> <span class='ocrx_word' id='word_1_199' title='bbox 766 3814 869 3853; x_wconf 83' lang='lat' dir='ltr'><strong>tantum</strong></span> <span class='ocrx_word' id='word_1_200' title='bbox 882 3814 958 3852; x_wconf 80' lang='lat' dir='ltr'><strong>vetus</strong></span> <span class='ocrx_word' id='word_1_201' title='bbox 972 3798 1070 3869; x_wconf 85' lang='lat' dir='ltr'><strong>reponi</strong></span> <span class='ocrx_word' id='word_1_202' title='bbox 1083 3796 1130 3850; x_wconf 84' lang='lat' dir='ltr'><strong>de·</strong></span> 
     </span>
     <span class='ocr_line' id='line_1_30' title="bbox 99 3876 1131 3954; baseline -0.003 -23"><span class='ocrx_word' id='word_1_203' title='bbox 99 3883 125 3931; x_wconf 91' lang='lat'><strong>6.</strong></span> <span class='ocrx_word' id='word_1_204' title='bbox 140 3880 276 3948; x_wconf 76' lang='lat' dir='ltr'><strong>Prodigum</strong></span> <span class='ocrx_word' id='word_1_205' title='bbox 293 3900 412 3950; x_wconf 85' lang='lat' dir='ltr'><strong>promum.</strong></span> <span class='ocrx_word' id='word_1_206' title='bbox 435 3881 496 3933; x_wconf 90' lang='lat' dir='ltr'><strong>Non</strong></span> <span class='ocrx_word' id='word_1_207' title='bbox 520 3901 570 3952; x_wconf 88' lang='lat' dir='ltr'><strong>po·</strong></span> <span class='ocrx_word' id='word_1_208' title='bbox 617 3884 672 3946; x_wconf 87' lang='lat' dir='ltr'><strong>bet,</strong></span> <span class='ocrx_word' id='word_1_209' title='bbox 686 3884 784 3954; x_wconf 84' lang='lat' dir='ltr'><strong>quaein</strong></span> <span class='ocrx_word' id='word_1_210' title='bbox 798 3900 857 3933; x_wconf 91' lang='lat' dir='ltr'><strong>meo</strong></span> <span class='ocrx_word' id='word_1_211' title='bbox 869 3879 1027 3933; x_wconf 85' lang='lat' dir='ltr'><strong>Cantabrico</strong></span> <span class='ocrx_word' id='word_1_212' title='bbox 1037 3876 1131 3930; x_wconf 90' lang='lat' dir='ltr'><strong>codice</strong></span> 
     </span>
     <span class='ocr_line' id='line_1_31' title="bbox 62 3957 1128 4032; baseline 0 -24"><span class='ocrx_word' id='word_1_213' title='bbox 62 3957 128 4010; x_wconf 88' lang='lat' dir='ltr'><strong>tuisti</strong></span> <span class='ocrx_word' id='word_1_214' title='bbox 148 3959 246 4029; x_wconf 88' lang='lat' dir='ltr'><strong>eligere</strong></span> <span class='ocrx_word' id='word_1_215' title='bbox 266 3980 392 4030; x_wconf 91' lang='lat' dir='ltr'><strong>promum</strong></span> <span class='ocrx_word' id='word_1_216' title='bbox 412 3961 571 4032; x_wconf 87' lang='lat' dir='ltr'><strong>largiorem,</strong></span> <span class='ocrx_word' id='word_1_217' title='bbox 617 3963 752 4015; x_wconf 84' lang='lat' dir='ltr'><strong>habetur:</strong></span> <span class='ocrx_word' id='word_1_218' title='bbox 774 3965 832 4013; x_wconf 84' lang='lat' dir='ltr'><strong>Rem</strong></span> <span class='ocrx_word' id='word_1_219' title='bbox 854 3961 965 4012; x_wconf 82' lang='lat' dir='ltr'><strong>adversus</strong></span> <span class='ocrx_word' id='word_1_220' title='bbox 978 3958 1064 4028; x_wconf 79' lang='lat' dir='ltr'><strong>populi</strong></span> <span class='ocrx_word' id='word_1_221' title='bbox 1078 3978 1128 4008; x_wconf 82' lang='lat' dir='ltr'><strong>esse</strong></span> 
     </span>
     <span class='ocr_line' id='line_1_32' title="bbox 63 4037 1133 4111; baseline 0.001 -23"><span class='ocrx_word' id='word_1_222' title='bbox 63 4056 137 4107; x_wconf 84' lang='lat' dir='ltr'><strong>quam</strong></span> <span class='ocrx_word' id='word_1_223' title='bbox 152 4057 201 4108; x_wconf 84' lang='lat' dir='ltr'><strong>ego</strong></span> <span class='ocrx_word' id='word_1_224' title='bbox 215 4059 282 4091; x_wconf 93' lang='lat' dir='ltr'><strong>sum.</strong></span> <span class='ocrx_word' id='word_1_225' title='bbox 296 4040 388 4092; x_wconf 77' lang='lat' dir='ltr'><strong>Lama.</strong></span> <span class='ocrx_word' id='word_1_226' title='bbox 618 4043 689 4111; x_wconf 77' lang='lat' dir='ltr'><strong>leges.</strong></span> <span class='ocrx_word' id='word_1_227' title='bbox 708 4043 823 4095; x_wconf 73' lang='lat' dir='ltr'><strong>Sinarus.</strong></span> <span class='ocrx_word' id='word_1_228' title='bbox 836 4074 874 4083; x_wconf 84' lang='lat'>-</span> <span class='ocrx_word' id='word_1_229' title='bbox 887 4040 957 4111; x_wconf 82' lang='lat' dir='ltr'><strong>Saepe</strong></span> <span class='ocrx_word' id='word_1_230' title='bbox 973 4037 1048 4108; x_wconf 82' lang='lat' dir='ltr'><strong>leges,</strong></span> <span class='ocrx_word' id='word_1_231' title='bbox 1064 4037 1133 4107; x_wconf 87' lang='lat' dir='ltr'><strong>leges</strong></span> 
     </span>
     <span class='ocr_line' id='line_1_33' title="bbox 99 4118 1132 4192; baseline -0.001 -23"><span class='ocrx_word' id='word_1_232' title='bbox 99 4119 127 4170; x_wconf 87' lang='lat'><strong>8.</strong></span> <span class='ocrx_word' id='word_1_233' title='bbox 143 4119 249 4174; x_wconf 75' lang='lat' dir='ltr'><strong>Eadem.</strong></span> <span class='ocrx_word' id='word_1_234' title='bbox 265 4119 361 4173; x_wconf 85' lang='lat' dir='ltr'><strong>Bacch.</strong></span> <span class='ocrx_word' id='word_1_235' title='bbox 375 4121 398 4184; x_wconf 89' lang='grc' dir='ltr'><strong>Ι,</strong></span> <span class='ocrx_word' id='word_1_236' title='bbox 416 4139 440 4185; x_wconf 89' lang='lat' dir='ltr'><strong>r,</strong></span> <span class='ocrx_word' id='word_1_237' title='bbox 458 4119 503 4174; x_wconf 79' lang='lat'><strong>15.</strong></span> <span class='ocrx_word' id='word_1_238' title='bbox 617 4123 715 4176; x_wconf 80' lang='lat' dir='ltr'><strong>multos</strong></span> <span class='ocrx_word' id='word_1_239' title='bbox 731 4141 799 4192; x_wconf 81' lang='lat' dir='ltr'><strong>saepe</strong></span> <span class='ocrx_word' id='word_1_240' title='bbox 812 4133 962 4177; x_wconf 76' lang='lat' dir='ltr'><strong>renovatas.</strong></span> <span class='ocrx_word' id='word_1_241' title='bbox 984 4118 1054 4188; x_wconf 80' lang='lat' dir='ltr'><strong>Saepe</strong></span> <span class='ocrx_word' id='word_1_242' title='bbox 1069 4118 1132 4187; x_wconf 77' lang='lat' dir='ltr'><strong>leges</strong></span> 
     </span>
    </p>
   </div>
   <div class='ocr_carea' id='block_1_8' title="bbox 0 0 1343 4778">
    <p class='ocr_par' dir='ltr' id='par_1_20' title="bbox 0 0 1343 4778">
     <span class='ocr_line' id='line_1_34' title="bbox 0 0 1343 4778; baseline 0 0"><span class='ocrx_word' id='word_1_243' title='bbox 0 0 1343 4778; x_wconf 95' lang='lat' dir='ltr'><strong> </strong></span> 
     </span>
    </p>
   </div>
  </div>
 </body>
</html>
