2654 4778
255 391 256 394 ,
351 329 532 400 ACTUS.
548 333 582 415 1,
606 332 771 401 SCENA
797 332 848 400 ΙΙ.
1097 330 1140 402 31

61 453 154 524 Male
168 450 334 542 formido:
351 451 454 545 guovi
472 475 534 545 ego
550 450 651 545 hujus
667 477 778 522 mores
797 451 923 520 morosi
936 450 1053 521 malos.

61 563 315 655 Quamobrem,
330 561 470 647 amab0,
487 585 560 629 mea
577 560 750 657 voluptas,
765 563 835 632 sine
853 576 886 632 te
903 563 1083 633 exorarier.

61 668 174 745 econ.¹
184 675 261 744 Nou
276 695 339 766 ego
349 671 452 740 bomo
464 670 598 741 trioboli
609 697 700 758 sum,
713 673 777 742 nisi
792 697 854 768 ego
869 671 916 741 illi
928 673 1090 768 mastigiae

60 785 216 854 Exturbo
234 781 349 852 oculos
362 797 464 876 atque
479 780 629 851 denteis:
648 783 726 853 hem
746 782 953 877 voluptatem
971 783 1053 869 tibi,

60 898 150 963 Hem
167 891 254 980 mel,
277 893 357 960 hem
386 916 457 979 cor,
478 891 555 961 bem
582 890 762 981 labellum,
779 893 857 962 bem
880 891 1041 980 salutem,
1059 892 1138 962 hem

211 999 363 1072 savium!
1098 1037 1136 1079 ψ

58 1137 192 1184 arinen.
214 1114 356 1207 Impius,
369 1113 471 1200 here,
487 1127 519 1182 te
540 1140 548 1182 :
569 1128 735 1182 oratorem
753 1113 917 1183 verberas.
936 1139 1043 1186 acon.
1064 1119 1137 1184 Jam

162 1280 165 1284 Α
210 1223 294 1292 istoc
312 1223 430 1316 magis.

56 1337 106 1404 'Et
119 1335 191 1429 jam
211 1331 355 1403 ocellum
369 1331 512 1419 addam,
529 1347 562 1401 et
577 1331 758 1420 labellum,
776 1345 810 1402 et
828 1329 990 1426 linguam.
1007 1356 1134 1404 armen.

208 1443 340 1538 Ecquid
359 1442 460 1512 facies
483 1442 601 1512 modi?
874 1536 876 1540 Ι

58 1577 171 1626 neon.
194 1555 326 1639 Siccine
342 1578 405 1647 ego
422 1567 455 1621 te
472 1577 569 1622 orare
582 1552 692 1646 jussi?
708 1576 833 1624 uteru.
855 1551 1037 1644 Quomodo
1055 1576 1135 1650 ergo

209 1664 325 1733 orem?
347 1687 453 1733 soon.
473 1662 610 1759 Rogas?

59 1776 116 1842 Sic
136 1773 226 1842 enim
246 1773 393 1858 diceres,
415 1770 573 1863 sceleste:
588 1772 689 1866 hujus
706 1770 879 1867 voluptas,
898 1787 930 1842 te
947 1773 1106 1843 obsecro:

57 1885 172 1978 Hujus
189 1882 272 1967 mel,
290 1883 391 1975 hujus
407 1907 484 1972 cor,
498 1882 599 1976 hujus
618 1881 791 1968 labellum,
804 1883 906 1977 hujus
925 1882 1058 1978 lingua,
1070 1885 1134 1953 hu·

204 1993 261 2088 jus
279 1994 427 2080 savium,
794 2058 796 2063 .
1097 2013 1136 2070 ¹2⁵

57 2103 172 2196 Hujus
188 2100 353 2189 colostra,
370 2103 470 2196 hujus
486 2100 574 2181 salus
596 2101 864 2200 amoena,'hujus
882 2104 1060 2192 festivitas,
1108 2194 1112 2199 .

55 2213 170 2307 Hujus
187 2213 349 2300 colostra,
368 2212 468 2306 hujus
486 2211 671 2282 dulciculus
690 2239 823 2301 caseus,
844 2217 1017 2310 mastigia,

56 2325 266 2418 Hujuscor,
284 2322 386 2417 hujus
404 2322 572 2409 studium,
591 2323 692 2415 hujus
710 2326 855 2410 savium,
878 2327 1051 2420 mastigia3
1121 2408 1125 2415 ι

60 2435 187 2504 Omnia
201 2432 258 2502 illa
276 2458 350 2527 quae
369 2431 502 2501 dicebas
519 2447 576 2501 tua
596 2457 686 2519 esse,
701 2457 739 2502 ea
758 2458 960 2503 memorares
977 2459 1063 2504 mea.

58 2568 190 2615 runnu.
200 2544 368 2636 Obsecro,
381 2542 513 2630 hercle,
528 2557 581 2631 te,
594 2541 750 2638 voluptas
766 2543 883 2636 hujus,
898 2546 1132 2639 atque‘odium

209 2678 342 2739 meum,
1097 2679 1137 2718 rto

59 2764 171 2859 Hujus
191 2765 298 2833 amica
317 2777 530 2848 mammeata,
552 2788 626 2832 mea
646 2762 781 2832 inimica
800 2777 833 2831 et
853 2761 1029 2853 malevola,

58 2939 167 2995 codices
184 2938 355 2993 consentiunt
373 2934 524 2991 exhibendo
540 2938 572 2989 il·
661 2941 726 3007 169.
737 2936 802 2989 Hem
817 2937 975 3008 voluptatem,
994 2939 1059 2991 Hem
1071 2938 1089 2991 i.
1102 2959 1131 3011 q.

59 3023 109 3074 lum
117 3022 215 3088 feritet:
225 3039 280 3073 non
292 3018 367 3090 quasi
377 3018 429 3071 hoc
439 3017 572 3086 explican·
617 3035 692 3082 ecce,
702 3017 745 3069 vel
757 3031 885 3090 sequente
897 3037 958 3072 casu
973 3018 1134 3084 accusandi,

59 3098 125 3154 dum
148 3117 270 3175 censeam
282 3138 290 3164 ,
311 3110 340 3151 nt
358 3097 400 3150 illi
418 3109 572 3159 tentarunt,
617 3097 658 3150 vel
669 3097 753 3163 nullo,
762 3111 802 3150 est
812 3117 881 3170 saepe
891 3099 973 3151 ictum
984 3097 1134 3171 impingen-

58 3193 87 3234 et
105 3180 251 3233 infeliciter
267 3197 275 3230 ε
294 3176 340 3230 sed
362 3175 435 3250 quod
452 3177 503 3229 sub
519 3176 572 3228 hoc
617 3176 664 3240 tis,
680 3177 757 3230 Asin.
768 3178 810 3238 ΙΙ,
830 3184 861 3242 d,
877 3180 923 3231 25.
936 3178 972 3231 N.

58 3261 190 3331 corrupto
203 3270 294 3330 putem
306 3257 388 3328 louge
397 3247 472 3310 ali'ud
479 3257 570 3308 latere.
663 3275 726 3327 171.
747 3256 886 3310 Oratorem.
905 3258 1003 3310 Orator
1020 3257 1064 3310 hic
1080 3276 1132 3328 pro

58 3339 131 3392 Vide
145 3357 179 3392 an
195 3339 252 3390 sit:
279 3338 391 3408 «Atque
408 3337 453 3389 hic
472 3354 515 3388 me
539 3353 574 3387 ue
617 3334 705 3407 legato
722 3337 848 3406 ponitur,
873 3337 920 3408 qui
936 3344 1132 3391 'sacrosanctus

58 3417 256 3472 verberabilem
270 3417 421 3482 faciat,nisi
439 3428 464 3468 te
478 3414 572 3487 propi·
618 3427 645 3466 et
667 3414 831 3469 inviolabilis
854 3417 914 3487 jure
937 3415 1057 3486 gentium
1083 3428 1133 3471 eet.

59 3498 108 3566 tio,
123 3493 572 3551 malelormido».Utitureadenr
617 3494 682 3547 Ideo
704 3494 741 3547 ait
765 3497 851 3565 impias
878 3507 917 3558 te,
941 3495 960 3548 i.
980 3513 1004 3548 e.
1024 3494 1132 3567 piaculo

57 3597 127 3631 voce
140 3578 169 3630 in
180 3577 326 3630 Aulularia.
341 3576 468 3629 Gronov.
480 3607 510 3617 -
520 3576 571 3626 Bo·
617 3573 762 3645 obstringis
782 3587 821 3633 te,
844 3573 944 3645 grande
964 3575 1037 3628 nefas
1059 3577 1131 3630 lucis.
1154 3606 1157 3610 ·

58 3658 133 3711 thius
147 3657 218 3721 vult,
233 3657 338 3727 «Atque
349 3656 395 3709 hic
410 3673 453 3708 me
470 3673 504 3707 ne
513 3673 573 3706 ver·
618 3646 834 3706 Cacus—lam
847 3659 907 3706 istoc
923 3659 1017 3726 magis,
1031 3675 1062 3708 eo
1074 3675 1131 3708 ma·

57 3738 195 3790 bernllum
216 3736 294 3789 faciet
308 3735 360 3788 nisi
376 3748 393 3787 t.
414 3754 441 3806 p.
454 3760 486 3798 ι,
508 3752 573 3787 con·
617 3734 657 3804 gis
671 3747 697 3786 te
711 3734 860 3786 verberabo
874 3736 910 3788 ob
923 3734 952 3788 id
967 3735 1038 3806 quod
1050 3734 1133 3801 dicis,

57 3817 123 3870 ficto
134 3814 189 3888 joci
202 3833 278 3868 causa
293 3815 406 3868 nomine
420 3827 449 3868 ut
464 3814 574 3866 homul·
619 3813 679 3885 quia
703 3827 794 3866 orator
814 3813 892 3867 datus
912 3835 927 3868 a
948 3835 992 3868 me
1013 3814 1131 3869 lusorem

57 3898 100 3950 lue
126 3897 161 3949 ub
186 3895 283 3961 homo,
304 3893 455 3948 catullus-a
479 3905 575 3963 catus,
619 3893 811 3964 gessisti,vide
823 3896 939 3964 vs.a73‚
953 3895 990 3947 N.

58 3988 110 4030 etc.
124 3975 161 4028 N.
394 4015 397 4026 .
663 3980 729 4042 174·
748 3974 865 4038 Diceres,
888 3987 919 4025 ut
936 3974 986 4028 iul.
1006 3993 1044 4028 vs.
1061 3993 1133 4046 179,

101 4057 169 4110 168.
180 4054 262 4106 Homo
273 4055 367 4112 tribuli,
383 4053 473 4107 nihili.
621 4071 771 4106 memorares.
789 4054 832 4108 Cf.
847 4055 921 4108 Pers.
934 4055 985 4119 IV,
1004 4057 1031 4119 6,
1047 4058 1092 4107 26.

319 4244 326 4272 J
