2654 4778
140 356 185 431 50
527 340 816 445 recurras,

136 483 206 555 Nec
225 481 313 568 fore,
334 505 397 550 nec
414 481 582 553 fortunam
603 485 638 554 id
655 484 794 553 situram
813 481 896 552 fieri.
979 506 984 516 ·

136 619 219 666 aov.
240 593 320 663 Istic
336 606 385 660 est
406 592 580 663 thesaurus
604 592 713 664 stultis
735 594 769 661 in
793 593 909 688 lingua
931 594 1037 680 situs,

132 710 179 776 Ut
199 703 340 800 quaestui
358 703 502 773 habeant
522 704 607 774 male
628 705 723 799 loqui
739 703 943 774 melioribus.

132 841 210 888 mro.
231 817 330 884 Viam
348 816 405 908 qui
425 817 546 899 nescit,
565 842 630 910 qua
649 817 803 885 deveniat
822 816 865 884 ad
888 842 994 903 mare,

133 931 220 997 Eum
237 940 370 1019 oportet
388 950 519 994 amnem
538 952 686 1020 quaerere
705 928 861 995 comitem
884 928 958 996 sibi.
1164 946 1182 987 u
1233 918 1235 923 ⁴

101 1123 103 1129 Ι
131 1043 205 1132 Ego
223 1033 310 1104 male
329 1033 486 1129 loquendi
505 1036 598 1104 vobis
615 1037 739 1105 nescivi
762 1036 875 1105 viam:

132 1152 234 1221 Nunc
254 1170 313 1216 vos
333 1145 415 1213 mihi
435 1147 561 1215 amneia
584 1148 679 1232 estis;
700 1172 758 1216 vos
776 1144 959 1215 certum'et
976 1149 1081 1243 sequi.

131 1259 168 1328 Si
184 1255 402 1343 benedicetis,
419 1272 531 1324 vostra
550 1257 623 1350 ripa
643 1282 701 1325 vos
720 1281 862 1351 sequar:

131 1371 167 1441 Si
186 1366 409 1454 maledicetis,
428 1380 540 1436 vostro
559 1367 694 1461 gradiar
713 1367 827 1436 limite.

43 1538 45 1542 a
124 1505 214 1553 ,auu
235 1477 327 1548 Malo
350 1476 562 1564 benefacere,
582 1477 793 1546 tantumdem
804 1478 845 1547 ’st
861 1477 1067 1572 periculum,
1172 1519 1193 1546 {tt

130 1594 304 1678 Quantum
325 1588 415 1657 bono
438 1587 642 1658 malefacere.
666 1613 744 1659 tro.
765 1589 835 1679 Qui
854 1589 958 1658 vero?
980 1614 1064 1660 uov.
1083 1590 1178 1662 Scies.

129 1699 222 1770 Malo
241 1700 268 1768 si
287 1698 368 1792 quid
387 1695 593 1786 benefacias,
612 1699 647 1767 id
668 1699 871 1769 beneficium
890 1700 1016 1770 interit.

130 1814 225 1880 Bono
244 1808 367 1903 siquid
386 1807 590 1896 malefacias,
613 1824 744 1878 aetatem
761 1810 898 1904 expetit.

129 1944 207 1992 mc.
226 1925 344 1990 Facete
365 1919 515 1987 dictum:
538 1919 597 1988 sed
615 1919 698 2014 quid
714 1921 800 1989 istuc
822 1920 864 1988 ad
884 1945 938 1988 me
955 1919 1113 1990 adtinet?

129 2046 211 2100 Ant.
235 2031 325 2118 Quia
344 2053 406 2096 nos
422 2029 560 2096 honoris
580 2029 628 2096 tui
646 2054 745 2097 causa
763 2027 830 2098 lruc
847 2029 890 2097 ad
910 2044 942 2098 te
960 2032 1125 2102 venimus}
1174 2046 1195 2088 ¹⁶

130 2142 346 2232 Quamquam
363 2138 450 2208 bene
469 2135 624 2207 volumus
643 2137 759 2206 leviter
777 2137 965 2208 lenonibus.

130 2273 208 2319 mc.
229 2249 263 2316 Si
281 2247 458 2341 quidboni
476 2247 662 2341 adportatis
674 2301 684 2333 ,
698 2248 805 2317 babeo
823 2249 977 2342 gratiam.

84 2364 87 2369 ’
130 2384 215 2430 unu
234 2359 320 2429 Boni
339 2359 380 2428 de
396 2373 512 2427 nostro
532 2359 593 2427 tibi
609 2384 671 2428 nec
687 2358 845 2442 ferimus,
865 2384 928 2428 nec
948 2360 1085 2448 damur,

128 2474 246 2563 Neque
262 2467 470 2563 pollicemur,
486 2494 595 2562 neque
609 2468 693 2538 adeo
714 2467 869 2538 volumus
888 2470 1015 2540 datum.

128 2604 205 2651 wc.
225 2579 351 2665 Credo,
370 2577 499 2664 hercle,
517 2578 632 2666 vobis,
652 2578 698 2646 ita
716 2595 827 2648 vostra
837 2579 878 2647 ’st
899 2580 1098 2674 benignitas.
1176 2604 1200 2643 a»

128 2680 1199 2782 Sedquidnuncvoltislaov.Huucchlamydatumquemvides,

127 2801 168 2872 Ei
180 2803 272 2870 Mars
288 2799 393 2866 iratus
408 2811 470 2866 est>
484 2816 583 2867 coto.
602 2799 715 2893 Capiti
731 2813 844 2867 vostro
862 2801 947 2868 istuc
963 2800 1111 2894 quidem.

172 2984 218 3037 13.
236 2974 270 3034 Ut
283 2979 385 3052 questui
395 2968 506 3037 bricam,
515 2989 565 3032 etc.
578 2975 641 3044 Quo
685 2976 764 3033 durat
776 2979 862 3054 illud:
877 2998 939 3033 nam
950 2974 992 3033 tir
1000 2981 1093 3036 bonus
1101 2981 1201 3056 injuste

85 3075 86 3078 ’
128 3059 268 3134 procacius
279 3053 427 3129 maledictis
437 3059 522 3110 honos
533 3051 582 3129 ipsi
594 3070 641 3111 ue·
684 3055 761 3112 lutus
774 3076 829 3112 non
843 3058 922 3112 facile
935 3060 1067 3131 placatur,
1079 3064 1146 3136 quin
1159 3065 1198 3119 sui

129 3160 209 3215 quem
220 3139 365 3203 tacebunt,
379 3149 411 3190 eo
423 3154 450 3190 re
458 3138 550 3190 beatos
559 3138 641 3208 magis
684 3134 785 3193 doloris
796 3150 888 3210 ponas
897 3141 1060 3210 repetiverit.
1075 3143 1169 3199 Lm.

128 3220 156 3278 et
170 3229 263 3276 auctet
275 3228 386 3291 putenm
402 3215 446 3270 hic
459 3225 498 3270 eat
514 3214 567 3270 illia
583 3214 641 3270 tbe·
726 3214 773 3272 28.
784 3219 866 3284 Boni,
880 3218 977 3289 rupple
987 3219 1128 3294 qucilqmm.

127 3320 229 3358 murus.
241 3294 276 3353 N.
725 3299 768 3351 30.
782 3299 943 3368 Benignitaa,
954 3298 1099 3357 liberalitas
1110 3320 1119 3357 :
1132 3305 1199 3376 tlpu·

169 3382 215 3435 15.
225 3380 327 3432 Amnem
336 3376 555 3451 queaeramus
566 3373 637 3430 enlm
682 3381 753 3439 νικῶς
769 3375 881 3431 dictum.
898 3376 990 3432 Lame.

127 3460 275 3515 etfluruirta
286 3467 317 3511 ru
329 3466 362 3510 ex
373 3456 440 3509 mari
450 3454 538 3521 natci,
558 3451 596 3511 ita
608 3457 637 3509 iu
724 3452 769 3510 32.
789 3454 825 3510 Ei
849 3456 918 3510 Mars
940 3463 1017 3512 iratus
1037 3472 1081 3515 etr.
1104 3461 1200 3535 Neque

124 3558 198 3594 mare
213 3536 286 3591 velut
299 3535 396 3589 reverti
412 3546 439 3590 et
452 3546 596 3590 exonerare
610 3554 638 3589 se
681 3534 841 3602 Lambinus,
852 3555 939 3608 neque
951 3538 1090 3594 Acidaliae
1099 3540 1145 3596 bic
1155 3557 1200 3596 aa·

125 3618 280 3674 creduntur.
294 3616 436 3668 Roxaoutr.
681 3609 783 3669 utendi.
795 3614 866 3669 Mars
879 3617 962 3671 iratus
976 3619 1015 3671 illi
1027 3618 1139 3688 dicitur,
1150 3623 1198 3694 qui

168 3717 213 3753 20.
230 3691 386 3749 Tantamdem
399 3695 430 3745 'st
443 3691 518 3764 peric.
538 3693 635 3746 «Tan-
678 3694 818 3748 adversam
830 3697 901 3749 bello
922 3694 1059 3752 fortunam
1074 3715 1200 3772 expertus

124 3777 263 3840 tamdem,
276 3772 460 3845 idemipsum,
476 3770 634 3839 similitudo,
678 3784 725 3828 est.
738 3770 809 3827 Talis
818 3770 862 3828 hic
875 3772 1200 3850 ungitur,erapud1eno-

123 3853 208 3928 figur'a
227 3851 346 3924 ejusdem
367 3852 421 3917 rei,
446 3845 481 3906 de
503 3867 556 3925 qua
576 3853 634 3923 agi·
677 3868 740 3906 nem
756 3848 917 3909 describitur·
933 3856 1113 3927 cottyhtscru.
1130 3858 1196 3915 Mox

122 3949 208 3991 tur».
235 3936 276 3988 lte
299 3922 393 4003 Papiae
416 3933 444 3983 i‘n
466 3930 576 3986 crossia.
600 3932 635 3985 Et
679 3933 751 3986 enlm
766 3935 878 4006 fingitur
896 3947 921 3989 et
941 3933 1058 4005 dicitur,
1081 3936 1198 3995 militem

122 4010 258 4071 fortehuc
270 4011 395 4083 respexit.
407 4008 554 4066 Boxuonrt.
679 4025 741 4068 eum
759 4009 840 4069 fuisse
860 4014 890 4068 in
910 4014 1016 4088 Sparta;
1035 4016 1100 4072 inde
1120 4016 1198 4074 aufu-

164 4097 210 4150 23.
224 4094 338 4148 AEtarem
350 4092 457 4162 expetit,
468 4088 498 4144 id
511 4101 566 4156 ert,
585 4084 633 4145 ‹llu
678 4089 761 4163 glute,
782 4093 845 4166 quie
868 4095 1002 4168 oppidum
1026 4098 1195 4170 capiebatur.
