2654 4778
302 426 470 496 ACTUS
494 428 537 511 1‚·
555 427 727 499 SCENA
752 433 800 500 II.
1036 459 1079 534 ¹9

104 545 166 616 ω’.
184 547 365 640 Numquae
382 547 492 616 elauta
514 551 664 638 est,¹nisi

104 655 159 725 rlta
179 671 246 744 est,
266 683 341 726 meo
361 658 496 753 quidem
515 661 645 750 animo,
669 661 765 756 quasi
785 659 913 734 inluuta
930 679 989 737 est.

107 767 217 838 Miror
233 769 408 863 equidem,
425 794 540 857 soror,
562 785 595 840 tc
613 773 703 842 istac
720 773 768 843 sic
786 773 944 866 fabulari,

105 892 174 946 tam
197 875 316 948 callida
335 894 368 948 et
385 879 484 950 docta
505 881 550 950 sis
570 895 604 950 et
622 881 738 952 faceta.
1050 911 1075 951 ns

111 1014 216 1083 quom
236 988 352 1059 sedulo
373 990 545 1060 munditer
564 1016 626 1061 nos
645 991 828 1084 hahemus,
867 1024 869 1029 ·

104 1124 242 1194 egreque
256 1096 483 1171 'amatorculos
499 1101 699 1172 invenimus.

104 1234 157 1283 nn.
179 1214 231 1280 Ita
249 1227 321 1282 cst:
341 1237 458 1281 verum
479 1213 544 1282 hoc
561 1237 670 1282 unum
689 1229 801 1283 tumen
819 1214 990 1310 cogitato:

104 1347 122 1390 s
138 1321 294 1392 omnibus
309 1325 344 1392 in
362 1324 480 1408 rebus,
500 1348 608 1411 soror,
625 1338 803 1420 optumum
814 1323 854 1394 ’st
871 1325 1000 1398 habitu.
1037 1332 1041 1339 ’

104 1435 238 1502 lemnia
252 1436 393 1503 nimium
408 1434 568 1504 exhibent
576 1436 749 1531 negotium
765 1435 960 1509 hominibus
974 1463 1014 1509 ex
1028 1464 1075 1513 se.
1145 1503 1155 1528 ,

106 1546 221 1632 Soror,
240 1544 368 1639 cogita,
386 1545 524 1631 amabo,
544 1545 622 1614 item
642 1571 703 1615 nos
726 1545 916 1641 perhiberi,
1046 1570 1071 1611 ει

122 1647 204 1721 fulsi
223 1654 400 1722 muriatica
421 1677 492 1723 csse
508 1668 729 1725 autumentur

104 1763 190 1830 imni
210 1761 344 1857 lepore,
367 1780 400 1833 et
418 1765 489 1833 sine
507 1766 687 1855 suavi-tate,

104 1870 197 1942 nulta
215 1899 300 1968 aqua
319 1900 426 1969 usque
444 1890 478 1944 et
497 1875 555 1945 diu
578 1892 807 1966 macerentur3

104 2035 115 2069 ,
131 1982 215 2052 salsa
228 2000 322 2069 sunt,
334 2000 468 2080 tangere
482 2001 521 2054 ut
534 2011 604 2055 non
620 1985 701 2057 velis
712 2011 721 2056 τ
731 1987 812 2057 item
823 1995 1020 2060 nossumus.
1042 2011 1068 2052 ³⁵

104 2093 227 2162 eminis
243 2093 400 2163 mulieres
418 2109 514 2184 sunt3
534 2094 668 2166 insulsae

103 2202 203 2290 dum,
222 2219 321 2298 atque
339 2205 523 2275 invenustae
541 2207 612 2276 sine
631 2206 798 2277 munditia
816 2223 850 2278 et
868 2223 993 2280 sumtu.

104 2334 118 2382 ῑ.
146 2317 264 2407 Coqua
297 2315 449 2385 esthaec
473 2316 630 2411 quidem,
652 2316 903 2414 Agorastocles,
935 2335 975 2391 ut
1001 2345 1064 2417 ego

136 2449 157 2491 0
183 2450 259 2492 mor
274 2451 281 2494 :

104 2450 253 2604 ruriitica
272 2551 310 2604 ut
331 2540 485 2607 maceret.
503 2560 612 2609 scon.
631 2537 725 2629 Quid
742 2536 925 2608 molestus?

104 2667 139 2713 n.
159 2647 279 2734 Soror,
299 2672 416 2741 parce,
438 2649 576 2734 amabo;
590 2663 641 2717 sat
659 2663 709 2718 est
732 2648 818 2718 istuc
842 2646 926 2718 alios
949 2648 1057 2720 dicere

132 2755 230 2827 nobis
245 2810 255 2840 ‚
1032 2775 1059 2818 t·

104 2880 187 2934 smet
205 2882 318 2937 nostra
334 2869 435 2937 etiam
456 2869 538 2937 vitia
555 2868 746 2964 loquamur.

104 3017 167 3071 illus
186 3031 224 3072 est
240 3021 395 3082 muliebris,
409 3039 499 3092 neque
544 3021 602 3092 ipsa
614 3021 682 3074 mihi
695 3019 805 3076 videtur
820 3022 957 3094 explicare
970 3040 1010 3079 ve.
1021 3024 1058 3080 88

105 3116 165 3150 mus
182 3099 267 3153 fa'cere
282 3100 405 3154 fricando
420 3114 447 3154 et
456 3101 498 3154 la·
544 3120 619 3173 seqq.
633 3101 668 3155 Ν.

104 3215 106 3228 .
128 3178 281 3232 Plautinum
306 3193 361 3246 est,
384 3179 497 3234 modum
586 3183 633 3236 32.
648 3181 793 3234 Musula.
807 3180 889 3235 Aliud
906 3193 945 3236 eet
961 3185 1054 3246 muria,

109 3257 210 3322 lacere,
220 3276 271 3329 pro
282 3261 497 3314 modnmlanandi.
542 3260 616 3314 alind
631 3280 729 3331 gorran.
746 3261 815 3313 Nem
831 3264 911 3314 muria
930 3278 963 3312 ex
978 3260 1058 3332 thyn-

119 3338 184 3390 alibi
204 3339 260 3392 scio
275 3341 431 3411 loquutum.
447 3341 495 3393 Se·
541 3359 744 3411 mmmmm
752 3358 784 3392 ex
796 3341 982 3394 scombromm
995 3341 1057 3394 tabe

119 3442 130 3464 .
144 3417 213 3470 Nam
232 3437 291 3489 qum
312 3420 400 3472 eleum
417 3433 457 3473 est
470 3445 494 3474 n.
540 3420 735 3474 conficiebatur
752 3436 760 3472 τ
779 3437 839 3491 que
856 3432 884 3474 et
902 3419 1058 3491 liquaminis

104 3496 113 3547 i
127 3496 224 3550 modus
235 3497 395 3553 adhibeatur
405 3500 495 3552 lavau-
539 3501 664 3567 nomine,
680 3512 708 3553 et
726 3497 841 3570 liquoris
858 3499 994 3555 sociorum
1010 3519 1057 3554 vo·

104 3595 153 3647 {uc
170 3578 251 3631 nimis
264 3578 353 3633 elauta
371 3591 427 3646 eet,
444 3598 495 3633 neo
540 3581 662 3634 cubator.
680 3579 717 3633 Et
736 3581 816 3631 munit
832 3597 983 3653 pauperum
1001 3592 1059 3633 tan·

104 3658 268 3728 tpersectam
282 3673 378 3729 putat,
397 3679 449 3731 pro
460 3660 493 3712 it·
539 3672 598 3713 tum
610 3671 668 3712 erat
682 3677 690 3712 ε
709 3671 905 3729 contragorum
922 3659 1054 3714 divitum:

110 3735 244 3791 habenda.
259 3739 493 3793 Same-Meur-
538 3739 615 3793 unde
629 3750 657 3792 et
664 3740 810 3807 saturum
822 3739 960 3804 Mertielc,
973 3739 1058 3802 xm,

118 3820 206 3868 scimus
220 3819 308 3884 facere
327 3820 393 3889 legit
412 3840 493 3872 sumus
539 3819 625 3890 epigr.
640 3838 704 3887 102,
714 3829 838 3874 vocatur.
851 3822 873 3872 A
884 3818 972 3872 muria
982 3815 1057 3871 arida

104 3894 144 3948 tlii
155 3897 274 3949 retinent
280 3900 384 3965 sacen,
399 3897 494 3952 addito
539 3900 630 3969 ταρίχη
650 3898 765 3971 piscium
781 3911 913 3953 vscerum
925 3896 1058 3960 Romani,

104 3975 149 4027 vel
163 3977 268 4030 modum.
288 3979 412 4032 Salmaeii
428 3998 493 4033 con·
539 3998 601 4050 quae
612 3979 724 4034 omnino
739 3996 797 4032 uno
812 3979 923 4046 nomine
936 3975 1059 4049 Septem·

104 4055 265 4108 robabilior.
277 4059 312 4110 N.
539 4059 698 4114 trionalium
713 4059 807 4130 lingua
828 4057 912 4111 hodie
933 4055 1061 4111 dicunme

104 4135 129 4184 'u’
137 4137 301 4210 perculto'st.
309 4137 366 4192 Huc
378 4137 446 4209 qnid
458 4139 491 4193 sit
539 4137 663 4210 stodfith.
677 4139 748 4195 Naue
761 4136 820 4191 nisi
830 4135 878 4191 din
890 4152 960 4206 aque
972 4149 1062 4188 mace·

1041 4216 1051 4243 Ι

905 4247 939 4288 2.
