2654 4778
130 383 173 426 22
451 408 455 413 -
496 355 799 440 ¹POENULUS‚

125 480 258 573 Quojus
276 503 339 574 ego
357 477 486 549 nehulae
504 481 624 575 cyatho
643 494 769 574 septem
789 478 916 547 nocteis
936 500 1004 546 non
1020 500 1139 547 emam.

125 614 232 662 seon.
258 590 303 659 Di
322 589 528 659 inmortaleis
553 588 832 685 omnipotenteis,
851 586 933 682 quid
952 601 1003 656 est
1023 586 1116 680 apud
1136 610 1194 655 vos

270 697 468 795 polchrius?

125 808 219 901 Quid
235 808 384 894 habetis,
409 809 466 903 qui
489 835 585 906 mage
615 807 823 878 inmortaleis
854 831 912 877 vos
938 806 1071 876 credam
1103 831 1192 891 esse,

272 943 371 1013 quam
395 943 458 1014 ego
480 921 582 1009 siem,

82 1031 86 1038 ’
125 1028 195 1119 Qui
210 1027 282 1097 haeo
300 1042 392 1097 tanta
410 1028 515 1099 oeulis
533 1031 622 1100 bona
638 1028 814 1123 concipio?
828 1053 906 1097 nam
918 1031 1035 1099 Venus
1054 1052 1123 1096 non
1145 1039 1194 1094 est

271 1140 397 1209 Venus.
1158 1152 1193 1193 ·⁶⁵

123 1251 220 1318 Hanc
237 1247 392 1343 equidem
417 1250 582 1320 Venerem
597 1246 800 1336 venerabor,
818 1273 872 1317 me
890 1262 929 1317 ut
943 1260 1034 1316 amet
1052 1245 1194 1341 posthae

272 1358 428 1454 propitia.

124 1464 292 1561 Milphio,
311 1468 394 1538 heus
414 1466 577 1563 Milphio,
591 1468 649 1536 ubi
666 1464 718 1538 esl
741 1491 866 1538 sflnrn.
890 1470 1011 1538 Assum
1032 1463 1124 1560 apud
1144 1478 1192 1548 te,

269 1601 395 1647 eccum.
414 1599 524 1648 Aaou.
541 1581 610 1674 Ego
629 1577 734 1648 elixus
753 1580 798 1649 sis
813 1577 900 1648 volo.

121 1709 248 1758 utura.
268 1689 368 1758 Enim
387 1713 484 1773 vero,
496 1688 596 1775 here,
610 1688 691 1758 facis
714 1688 858 1759 delicias.
875 1711 983 1759 scon.
999 1690 1054 1757 De
1068 1699 1101 1754 te
1120 1684 1194 1780 qui-

270 1788 347 1867 dein
369 1798 440 1868 haee
460 1798 562 1868 didici
585 1800 709 1869 omnia.

124 1930 261 1995 ΜΗ.Ι
278 1904 434 1977 Etiamne
452 1923 490 1977 ut
507 1933 597 1977 ames
615 1934 688 1978 eam
710 1933 811 2004 quam
833 1932 1006 2004 nunquam
1029 1901 1196 2000 tetigeris?

270 2016 355 2097 nihil
373 2016 458 2088 illuc
475 2017 610 2114 quidem
623 2018 674 2088 ’st

127 2149 234 2197 seon.
252 2130 343 2196 Deos
359 2152 508 2223 quoque,
524 2128 661 2223 edepol,
674 2143 708 2197 et
722 2153 798 2198 amo
807 2143 841 2197 et
850 2142 983 2216 metu03
998 2127 1124 2222 quihus
1135 2150 1195 2219 ego

271 2250 382 2306 tamen
403 2238 553 2307 abstineo
571 2264 701 2309 manus.
1171 2271 1195 2312 ⁷⁰
1212 2234 1236 2247 ²

123 2371 207 2418 Aur.
226 2351 320 2431 Heu,
333 2363 474 2435 ecastor,
494 2374 596 2443 quom
615 2363 772 2418 ornatum
790 2347 939 2442 adspicio
954 2362 1108 2439 nostrum
1128 2371 1194 2415 am-

271 2457 414 2545 barum,
432 2460 571 2553 poenitet

125 2570 303 2638 Exornatae
325 2584 363 2637 ut
379 2569 492 2638 simus.
510 2592 661 2639 nornen.
679 2573 754 2638 Imo
774 2593 853 2639 vero
872 2594 951 2638 sane
972 2567 1147 2638 conmode.

51 2726 59 2739 ·
124 2679 212 2750 Nam
228 2702 289 2771 pro
302 2677 399 2748 herili
417 2693 451 2746 et
465 2694 579 2748 nostro
593 2665 722 2773 quaestu
735 2680 813 2748 satis
831 2680 917 2748 bene
930 2693 1058 2749 ornatae
1071 2702 1195 2747 sumus.

169 2919 215 2970 62.
237 2913 332 2986 Quojur
353 2937 399 2988 ego
426 2917 519 2971 nebule
539 2918 639 2989 eyatlso.
722 2922 770 2990 67.
793 2919 895 2973 Assum.
920 2916 1125 2972 consulendum
1156 2927 1195 2971 est

127 2996 249 3050 Nebulam
268 3014 319 3067 pro
338 3014 368 3050 re
384 2997 463 3051 nihili
480 3000 635 3069 ponebant:
681 2999 792 3052 auribus
809 3011 835 3052 et
847 2999 986 3052 materie:
1005 2997 1042 3050 itu
1054 2997 1100 3050 hie
1115 2997 1198 3050 Plau·

126 3074 238 3131 undeet
250 3075 386 3130 nebulones.
398 3077 517 3130 Persius:
533 3104 544 3126 ι
553 3077 639 3131 Gran·
681 3090 742 3143 tus,
757 3077 865 3151 quando
876 3080 991 3151 jocatur,
1004 3076 1101 3130 maluit
1116 3095 1196 3129 assum

127 3152 163 3209 de
182 3155 320 3228 loquuturi
335 3157 445 3210 nebulas
457 3155 587 3211 Helicone
600 3157 640 3209 le·
682 3155 772 3211 dicere
784 3177 863 3229 quam
875 3158 1014 3211 adsumrut
1023 3156 1196 3218 subinferret,

127 3249 211 3307 gunto
222 3262 234 3285 ι
245 3275 253 3302 ,
266 3235 296 3290 id
309 3249 364 3302 est,
376 3255 460 3307 nugas
471 3247 497 3288 et
510 3234 601 3289 inania
612 3248 640 3289 et
683 3238 772 3291 elisum
788 3239 855 3291 uolo.
869 3237 977 3292 Sosnre.
998 3269 1037 3279 —
1056 3236 1099 3289 Cf.
1113 3237 1198 3289 Most.

127 3317 240 3386 nugacis
254 3329 396 3389 poetarum
409 3316 640 3388 ligmeuts,fumis
683 3317 719 3382 V,
736 3336 763 3381 1,
783 3321 832 3371 66.

129 3407 157 3448 et
167 3396 272 3449 nebulis
283 3397 427 3451 simillima.
437 3397 530 3450 Tuus.
724 3398 771 3450 68.
786 3396 860 3450 Facis
872 3396 971 3448 delictas
979 3433 987 3459 ,
995 3397 1104 3464 τρυφᾷς,
1115 3395 1197 3447 rebus

171 3473 217 3528 65.
229 3476 312 3528 Venus
332 3496 380 3529 non
397 3467 432 3529 e'st
450 3475 544 3529 Venus.
559 3475 640 3530 Com·
684 3475 806 3530 secundis
818 3476 917 3540 elatus,
930 3474 1036 3545 jocaris.
1052 3474 1145 3527 Lsnn.
1158 3505 1200 3517 --

128 3553 244 3625 parandi
260 3573 310 3627 per
324 3555 493 3627 hyperbolen
513 3556 640 3610 formula.
684 3556 825 3627 Ingeniose
837 3555 978 3626 argutaris,
988 3572 1107 3607 scurram
1118 3553 1200 3624 geris.

129 3633 174 3687 Sic
193 3634 266 3686 Asin.
286 3635 314 3699 1,
332 3655 359 3700 s,
381 3637 397 3691 8
420 3655 428 3687 ε
453 3654 540 3688 «nsm
566 3653 640 3688 mere
685 3635 776 3709 Casin.
791 3634 849 3701 111,
869 3653 892 3699 r,
912 3640 958 3697 ¹4·

129 3712 203 3767 haud
223 3726 262 3767 est
278 3731 368 3782 mare3
382 3733 518 3769 rosmare
533 3733 641 3771 auerru-
727 3718 774 3783 69.
799 3714 878 3780 Illuc,
893 3713 913 3767 i.
939 3733 967 3785 q.
992 3711 1067 3766 illud.
1093 3712 1199 3783 Vulgo,

129 3811 205 3846 mum
218 3818 242 3847 ι.
256 3793 291 3845 Ν.
691 3793 783 3846 «nihil
809 3793 865 3847 illie
891 3792 1000 3864 quidem
1023 3805 1104 3856 est»,
1124 3792 1202 3844 nullo

172 3876 219 3926 66.
239 3873 387 3926 Venerabor.
403 3874 501 3928 Bacch.
516 3875 558 3939 II,
574 3893 598 3938 r,
614 3880 642 3938 l.
687 3891 776 3939 sensu,
798 3874 850 3927 nisi
864 3873 929 3926 velis
945 3871 1124 3944 Milphionem
1142 3870 1201 3925 haec

129 3949 246 4004 -Amet
257 3953 286 4006 h.
294 3953 313 4006 l.
322 3972 376 4007 non
388 3972 464 4007 sensu
475 3953 642 4024 voluptario,
685 3972 806 4007 seersum
827 3952 860 4005 ad
884 3964 1047 4024 spematores
1072 3949 1107 4003 de
1131 3950 1202 4004 hero

128 4029 175 4084 sed
199 4032 340 4104 religioso,
368 4044 398 4086 ut
422 4034 473 4088 hae
501 4032 639 4087 formula:
685 4033 783 4088 dicere.
793 4035 865 4087 Tum
878 4033 928 4086 tuto
942 4035 959 4086 i.
974 4051 1000 4103 q.
1013 4031 1066 4083 ille.
1083 4030 1118 4083 N.

130 4125 180 4188 ‘l‘
192 4109 337 4179 disment!
350 4138 362 4159 ι
379 4113 415 4175 N.
726 4132 776 4185 71.
793 4113 905 4168 Paenitet.
921 4112 983 4166 Aul.
998 4111 1054 4176 ΠΙ,
1070 4128 1162 4174 mo.
